
@article{abootalebi2009gkt,
    title = "A new approach for {EEG} feature extraction in {P}300-based lie detection",
    journal = "Computer Methods and Programs in Biomedicine",
    author = "Abootalebi, Vahid and Moradi, Mohammad Hassan and Khalilzadeh, Mohammad Ali",
    volume = "94",
    number = "1",
    pages = "48--57",
    year = "2009",
    issn = "0169-2607",
}

@article{acharya2013eegepilepsy,
    title = "Automated {EEG} analysis of epilepsy: A review",
    author = "Acharya, U. Rajendra and Vinitha Sree, S. and Swapna, G. and Martis, Roshan Joy and Suri, Jasjit S.",
    journal = "Knowledge-Based Systems",
    year = "2013",
    volume = "45",
    pages = "147--165",
    issn = "0950-7051",
    doi = "10.1016/j.knosys.2013.02.014"
}

@inproceedings{afergan2014dynamicdifficulty,
    title = {Dynamic Difficulty Using Brain Metrics of Workload},
    author = {Afergan, Daniel and Peck, Evan M. and Solovey, Erin T. and Jenkins, Andrew and Hincks, Samuel W. and Brown, Eli T. and Chang, Remco and Jacob, Robert J.K.},
    booktitle = {Proceedings of the {SIGCHI} Conference on Human Factors in Computing Systems},
    series = {CHI '14},
    year = {2014},
    isbn = {978-1-4503-2473-1},
    location = {Toronto, Ontario, Canada},
    pages = {3797--3806},
    numpages = {10},
    doi = {10.1145/2556288.2557230},
    acmid = {2557230},
    publisher = {ACM},
    address = {New York, NY, USA}
}

@Inbook{allison2010illiteracy,
    author="Allison, Brendan Z. and Neuper, Christa",
    editor="Tan, Desney S. and Nijholt, Anton",
    title="Could Anyone Use a {BCI}?",
    bookTitle="Brain-Computer Interfaces: Applying our Minds to Human-Computer Interaction",
    year="2010",
    publisher="Springer London",
    address="London",
    pages="35--54",
    isbn="978-1-84996-272-8",
    doi="10.1007/978-1-84996-272-8\_3"
}

@incollection{anderson1957callmejoe,
    title={Call Me {J}oe},
    author={Poul Anderson},
    year={1957},
    booktitle={Astounding Science Fiction},
    editor={Campbell, Jr., John W.},
    publisher={Street \& Smith},
    address={New York, NY, USA},
    pages={8--34}
}

@INPROCEEDINGS{ang2008fbcsp,
    title={Filter Bank Common Spatial Pattern ({FBCSP}) in Brain-Computer Interface},
    author={Kai Keng Ang and Zheng Yang Chin and Haihong Zhang and Cuntai Guan},
    booktitle={{IEEE International Joint Conference on Neural Networks (IJCNN), 2008}},
    year={2008},
    month={June},
    pages={2390--2397},
    doi={10.1109/IJCNN.2008.4634130},
    ISSN={1098-7576}
}

@article{babyak2004overfitting,
    title={What you see may not be what you get: a brief, nontechnical introduction to overfitting in regression-type models},
    author={Babyak, Michael A},
    journal={Psychosomatic Medicine},
    volume={66},
    number={3},
    pages={411--421},
    year={2004}
}

@article{bedard2006freqscaling,
    title = {Does the $1/f$ Frequency Scaling of Brain Signals Reflect Self-Organized Critical States?},
    author = {B\'edard, Claude and Kr\"oger, Helmut and Destexhe, Alain},
    journal = {Physical Review Letters},
    volume = {97},
    number = {11},
    pages = {118102},
    numpages = {4},
    year = {2006},
    publisher = {American Physical Society},
    doi = {10.1103/PhysRevLett.97.118102},
}

@article{beatty2007coginterview,
    author = {Beatty, Paul C. and Willis, Gordon B.},
    title = "{Research Synthesis: The Practice of Cognitive Interviewing}",
    journal = {Public Opinion Quarterly},
    volume = {71},
    number = {2},
    pages = {287--311},
    year = {2007},
    issn = {0033-362X},
    doi = {10.1093/poq/nfm006}
}

@article{beck1991cognitivetherapy,
    title = "Cognitive therapy: a 30-year retrospective",
    author = "Aaron T. Beck",
    journal = "American Psychologist",
    volume = "46",
    number = "4",
    pages = "368--375",
    year = "1991",
    issn = "0003-066X"
}

@article{bell1995,
    title={An information-maximization approach to blind separation and blind deconvolution},
    author={Bell, Anthony J and Sejnowski, Terrence J},
    journal={Neural Computation},
    volume={7},
    number={6},
    pages={1129--1159},
    year={1995}
}

@Article{berger1929humaneeg,
    Title                    = {{\"U}ber das {E}lektrenkephalogramm des {M}enschen},
    Author                   = {Berger, Hans},
    Journal                  = {Archiv f{\"u}r Psychiatrie und Nervenkrankheiten},
    Year                     = {1929},
    Pages                    = {527--570},
    Volume                   = {87}
}

@book{bernays1928propaganda,
    title={Propaganda},
    author={Bernays, Edward L.},
    year={1928},
    publisher={Horace Liveright},
    address={New York, NY, US}
}

@ARTICLE{bigdelyshamlo2016hedtags,
	TITLE={Hierarchical Event Descriptors ({HED}): Semi-Structured Tagging for Real-World Events in Large-Scale EEG},
    AUTHOR={Bigdely-Shamlo, Nima and Cockfield, Jeremy and Makeig, Scott and Rognon, Thomas and La Valle, Chris and Miyakoshi, Makoto and Robbins, Kay A.},
	JOURNAL={Frontiers in Neuroinformatics},
	VOLUME={10},
    PAGES={42},
	YEAR={2016},
	DOI={10.3389/fninf.2016.00042},
	ISSN={1662-5196}
}

@article{birbaumer1999spelling,
    title={A spelling device for the paralysed},
    author={Birbaumer, Niels and Ghanayim, Nimr and Hinterberger, Thilo and Iversen, Iver and Kotchoubey, Boris and K{\"u}bler, Andrea and Perelmouter, Juri and Taub, Edward and Flor, Herta},
    journal={Nature},
    volume={398},
    number={6725},
    pages={297--298},
    year={1999},
    publisher={Nature Publishing Group}
}

@article{birbaumer2006commcontrol,
    title = {Breaking the silence: Brain-computer interfaces ({BCI}) for communication and motor control},
    author = {Birbaumer, Niels},
    journal = {Psychophysiology},
    volume = {43},
    number = {6},
    publisher = {Blackwell Publishing Inc},
    issn = {1469-8986},
    doi = {10.1111/j.1469-8986.2006.00456.x},
    pages = {517--532},
    keywords = {Brain-computer interface, Brain-machine interface, EEG, Invasive brain measures, Locked-in syndrome},
    year = {2006}
}

@book{bishop2006,
    title = {Pattern Recognition and Machine Learning},
    AUTHOR    = {Bishop, Christopher M.},
    year={2006},
    series={Information Science and Statistics},
    editor={Jordan, M and Kleinberg, J and Sch{\"o}lkopf, Bernard},
    publisher={Springer},
    Address   = {New York, NY}
}

@incollection{blankertz2002singletrial,
    title = {Classifying Single Trial {EEG}: Towards Brain Computer Interfacing},
    author = {Benjamin Blankertz and Gabriel Curio and M\"uller, Klaus-Robert},
    booktitle = {Advances in Neural Information Processing Systems 14},
    editor = {T. G. Dietterich and S. Becker and Z. Ghahramani},
    pages = {157--164},
    year = {2002},
    address = {Cambridge, MA, USA},
    publisher = {MIT Press},
    isbn = {9780262042086}
}

@incollection{blankertz2002,
    title={{Single Trial Detection of EEG Error Potentials: A Tool for Increasing BCI Transmission Rates}},
    author={Blankertz, Benjamin and Sch{\"a}fer, Christin and Dornhege, Guido and Curio, Gabriel},
    year={2002},
    isbn={978-3-540-44074-1},
    booktitle={{A}rtificial {N}eural {N}etworks -- {ICANN} 2002},
    volume={2415},
    series={Lecture Notes in Computer Science},
    editor={Dorronsoro, Jos\'e R.},
    publisher={Springer},
    address={Berlin, Germany},
    pages={1137--1143},
    language={English}
}

@article{blankertz2007,
    title = {{The non-invasive Berlin Brain-Computer Interface: Fast acquisition of effective performance in untrained subjects}},
    author = "Blankertz, Benjamin and Dornhege, Guido and Krauledat, Matthias and M{\"u}ller, Klaus-Robert and Curio, Gabriel",
    journal = "NeuroImage",
    volume = "37",
    number = "2",
    pages = "539--550",
    year = "2007",
    issn = "1053-8119"
}

@article{blankertz2011,
    title = {Single-trial analysis and classification of {ERP} components -- A tutorial},
    author = "Blankertz, Benjamin and Lemm, Steven and Treder, Matthias S and Haufe, Stefan and M{\"u}ller, Klaus-Robert",
    journal = "NeuroImage",
    volume = "56",
    number = "2",
    pages = "814--825",
    year = "2011",
    issn = "1053-8119",
    doi = "j.neuroimage.2010.06.048"
}

@article{boire2000cognitiveliberty,
    title = {On Cognitive Liberty (Part 1)},
    author = {Boire, Richard G},
    year = {2000},
    journal = {Journal of Cognitive Liberties},
    volume = {1},
    number = {1},
    pages = {7--13},
    issn = {1527-3946}
}

@article{botvinick2001conflictmonitoring,
    title={Conflict monitoring and cognitive control},
    author={Botvinick, Matthew M and Braver, Todd S and Barch, Deanna M and Carter, Cameron S and Cohen, Jonathan D},
    journal={Psychological Review},
    year={2004},
    volume={108},
    number={3},
    pages={624--652},
    doi={10.1037/0033-295X.108.3.624}
}

@ARTICLE{brouwer2010tactilep300,
    AUTHOR={Brouwer, Anne-Marie and van Erp, Jan},
    TITLE={A tactile {P}300 brain-computer interface},
    JOURNAL={Frontiers in Neuroscience},
    VOLUME={4},
    PAGES={19},
    YEAR={2010},
    DOI={10.3389/fnins.2010.00019},
    ISSN={1662-453X}
}

@article{brouwer2015pitfalls,
    title={Using neurophysiological signals that reflect cognitive or affective state: six recommendations to avoid common pitfalls},
    author={Brouwer, Anne-Marie and Zander, Thorsten O and van Erp, Jan B F and Korteling, Johannes E and Bronkhorst, Adelbert W},
    journal={Frontiers in Neuroscience},
    volume={9},
    pages={136},
    year={2015}
}

@ARTICLE{brown2011inference,
    TITLE={Active inference, attention and motor preparation},
    AUTHOR={Brown, Harriet and Friston, Karl J and Bestmann, Sven},
    JOURNAL={Frontiers in Psychology},
    VOLUME={2},
    YEAR={2011},
    NUMBER={218},
    DOI={10.3389/fpsyg.2011.00218},
    ISSN={1664-1078}
}

@article{brunner2015horizon2020,
    title = {{BNCI H}orizon 2020: towards a roadmap for the {BCI} community},
    author = {Brunner, Clemens and Birbaumer, Niels and Blankertz, Benjamin and Guger, Christoph and K\"ubler, Andrea and Mattia, Donatella and Mill\'an, Jos\'e del R. and Miralles, Felip and Nijholt, Anton and Opisso, Eloy and Ramsey, Nick and Salomon, Patric and M\"uller-Putz, Gernot R.},
    journal = {Brain-Computer Interfaces},
    volume = {2},
    number = {1},
    pages = {1--10},
    year  = {2015},
    publisher = {Taylor \& Francis},
    doi = {10.1080/2326263X.2015.1008956}
}

@article{byrne1996adaptiveauto,
    title = "Psychophysiology and adaptive automation",
    author = "Byrne, Evan A and Parasuraman, Raja",
    journal = "Biological Psychology",
    volume = "42",
    number = "3",
    pages = "249--268",
    year = "1996",
    issn = "0301-0511",
    doi = "10.1016/0301-0511(95)05161-9",
}

@book{byrom1976dhammapada,
    title={Dhammapada: The Sayings of the Buddha},
    author={Byrom, Thomas},
    year={1976},
    publisher={Shambhala},
    address={Boston, MA, US},
}

@article{chanel2009emotion,
    author = "Guillaume Chanel and Joep J.M. Kierkels and Mohammad Soleymani and Thierry Pun",
    title = "Short-term emotion assessment in a recall paradigm",
    journal = "International Journal of Human-Computer Studies",
    volume = "67",
    number = "8",
    pages = "607--627",
    year = "2009",
    note = "",
    issn = "1071-5819",
    doi = "10.1016/j.ijhcs.2009.03.005"
}

@book{chiappa1997clinicalep,
    title={Evoked Potentials in Clinical Medicine},
    author={Chiappa, Keith H.},
    edition = {Third},
    year={1997},
    publisher={Lippincott-Raven Publishers},
    address={Philadelphia, PA}
}

@article{clark2013predictive,
    title = {{Whatever next? Predictive brains, situated agents, and the future of cognitive science}},
    author = {Clark, Andy},
    journal = {Behavioral and Brain Sciences},
    volume = {36},
    issue = {03},
    year = {2013},
    issn = {1469-1825},
    pages = {181--204},
    numpages = {24},
    doi = {10.1017/S0140525X12000477}
}

@article{cobb1960erp,
    title = {The latency and form in man of the occipital potentials evoked by bright flashes},
    author = {Cobb, W. A. and Dawson, G. D.},
    journal = {The Journal of Physiology},
    volume = {152},
    number = {1},
    issn = {1469-7793},
    doi = {10.1113/jphysiol.1960.sp006474},
    pages = {108--121},
    year = {1960}
}

@article{cockburn2018rewardpositivity,
    title = "Feedback information and the reward positivity",
    author = "Cockburn, Jeffrey and Holroyd, Clay B",
    journal = "International Journal of Psychophysiology",
    volume = "132",
    pages = "243--251",
    year = "2018",
    issn = "0167-8760",
    doi = "10.1016/j.ijpsycho.2017.11.017"
}

@book{collingridge1980socialcontrol,
    title =     {The Social Control of Technoloy},
    author =    {Collingridge, David},
    publisher = {Frances Pinter},
    address =   {London, UK},
    year =      {1980},
    isbn =      {0903804727}
}

@techreport{comstock1992matb,
    title = {The multi-attribute task battery for human operator workload and strategic behavior research},
    author = {Comstock, J Raymond Jr. and Arnegard, Ruth J},
    year = {1992},
    institution = {{NASA} Langley Research Center},
    address = {Hampton, VA, United States}
}

@Article{cowan2014workingmemory,
    author="Cowan, Nelson",
    title="Working Memory Underpins Cognitive Development, Learning, and Education",
    journal="Educational Psychology Review",
    year="2014",
    volume="26",
    number="2",
    pages="197--223",
    issn="1573-336X",
    doi="10.1007/s10648-013-9246-y"
}

@book{csikszentmihalyi2008flow,
    title={Flow: the psychology of optimal experience},
    author={Csikszentmihalyi, Mihaly},
    year={2008},
    edition = {Modern Classics},
    publisher={HarperCollins},
    address={New York, NY, USA},
    isbn = {978-0-06-133920-2}
}

@inproceedings{cutrell2008passiveinput,
    title = {{BCI} for passive input in {HCI}},
    author = {Cutrell, Edward and Tan, Desney},
    year = {2008},
    booktitle = {{Proceedings of the Brain-Computer Interfaces for HCI and Games Workshop at the SIGCHI Conference on Human Factors in Computing Systems (CHI)}},
    location = {Florence, Italy}
}

@article{dalseno2010,
    title = {Online detection of {P300} and error potentials in a {BCI} speller},
    author = {Dal Seno, Bernardo and Matteucci, Matteo and Mainardi, Luca},
    journal = {{Computational Intelligence and Neuroscience}},
    volume = {2010},
    year = {2010},
    issn = {1687-5265},
    pages = {11:1--11:5},
    acmid = {1840654},
    publisher = {Hindawi Publishing Corp.},
    address = {New York, NY},
    doi = {10.1155/2010/307254}
}

@article{davis1939erp,
    title = {Electrical reactions of the human brain to auditory stimulation during sleep},
    author = {Davis, H. and Davis, P. A. and Loomis, A. L. and Harvey, E. N. and Hobart, G.},
    year = {1939},
    journal = {Journal of Neurophysiology},
    volume = {2},
    number = {6},
    pages = {500--514},
    doi = {10.1152/jn.1939.2.6.500}
}

@article{debener2005oddballp3,
    title = "What is novel in the novelty oddball paradigm? Functional significance of the novelty {P}3 event-related potential as revealed by independent component analysis",
    author = "Debener, Stefan and Makeig, Scott and Delorme, Arnaud and Engel, Andreas K.",
    journal = "Cognitive Brain Research",
    volume = "22",
    number = "3",
    pages = "309--321",
    year = "2005",
    issn = "0926-6410",
    doi = "10.1016/j.cogbrainres.2004.09.006"
}

@incollection{defoxfordinteractivity,
    Title = {Interactivity},
    Booktitle = {{Oxford dictionary of English}},
    editor = {Soanes, Catherine},
    Address = {Oxford, UK},
    Publisher = {Oxford University Press},
    Year = {2006}
}

@INPROCEEDINGS{dehais2018monitoringfatigue,
    title={Monitoring Pilot's Cognitive Fatigue with Engagement Features in Simulated and Actual Flight Conditions Using an Hybrid f{NIRS-EEG} Passive {BCI}},
    author={Fr\'ed\'eric Dehais and Dupres, Alban and Di Flumeri, Gianluca and Verdiere, Kevin and Borghini, Gianluca and Babiloni, Fabio and Roy, Rapha\"elle N},
    booktitle={{2018 IEEE International Conference on Systems, Man, and Cybernetics (SMC)}},
    year={2018},
    volume={},
    number={},
    pages={544--549},
    doi={10.1109/SMC.2018.00102}
}

@article{delorme2004eeglab,
    title = "{EEGLAB}: an open source toolbox for analysis of single-trial {EEG} dynamics including independent component analysis",
    journal = "Journal of Neuroscience Methods",
    volume = "134",
    number = "1",
    pages = "9--21",
    year = "2004",
    note = "",
    issn = "0165-0270",
    doi = "10.1016/j.jneumeth.2003.10.009",
    author = "Arnaud Delorme and Scott Makeig"
}

@article{delorme2011tools,
    author = {Delorme, Arnaud and Mullen, Tim and Kothe, Christian and Acar, Zeynep Akalin and Bigdely-Shamlo, Nima and Vankov, Andrey and Makeig, Scott},
    title = {{EEGLAB, SIFT, NFT, BCILAB, and ERICA: New Tools for Advanced EEG Processing}},
    journal = {Computational Intelligence and Neuroscience},
    volume = {2011},
    year = {2011},
    issn = {1687-5265},
    pages = {10:10--10:10},
    articleno = {10},
    numpages = {1},
    doi = {10.1155/2011/130714},
    acmid = {2043297},
    publisher = {Hindawi Publishing Corp.},
    address = {New York, NY, United States}
}

@article{delorme2012dipolar,
    title = {Independent {EEG} Sources Are Dipolar},
    author = {Delorme, Arnaud AND Palmer, Jason AND Onton, Julie A AND Oostenveld, Robert AND Makeig, Scott},
    journal = {{PLoS ONE}},
    publisher = {Public Library of Science},
    year = {2012},
    month = {2},
    volume = {7},
    pages = {e30135},
    number = {2},
    doi = {10.1371/journal.pone.0030135}
}

@article{dimigen2011frp,
    title = {Coregistration of eye movements and {EEG} in natural reading: Analyses and review},
    author = {Dimigen, Olaf and Sommer, Werner and Hohlfeld, Annette and Jacobs, Arthur M. and Kliegl, Reinhold},
    journal = {Journal of Experimental Psychology: General},
    year = {2011},
    volume = {140},
    number = {4},
    pages = {552--572},
    doi = {10.1037/a0023885}
}

@article{donchin1981,
    title = {{Surprise!\ldots Surprise?}},
    author = {Donchin, Emanuel},
    journal = {Psychophysiology},
    volume = {18},
    number = {5},
    publisher = {Blackwell Publishing Ltd},
    issn = {1469-8986},
    pages = {493--513},
    year = {1981},
}

@BOOK{duda2001,
    TITLE     = {{Pattern Classification}},
    AUTHOR    = {Duda, Richard O. and Hart, Peter E. and Stork, David G.},
    EDItION   = {2nd},
    PUBLISHER = {Wiley},
    YEAR      = {2001},
    Address   = {New York, NY},
    isbn = {978-0-471-05669-0}
}

@article{dyson2015errorregions,
    title = "Online extraction and single trial analysis of regions contributing to erroneous feedback detection",
    author = "Dyson, Matthew and Thomas, Eoin and Casini, Laurence and Burle, Boris",
    journal = "NeuroImage",
    year = "2015",
    volume = "121",
    pages = "146--158",
    issn = "1053-8119",
    doi = "10.1016/j.neuroimage.2015.06.041"
}

@article{eddy2019bcitrends,
    title = {Trends in research participant categories and descriptions in abstracts from the {International BCI Meeting} series, 1999 to 2016},
    author = {Eddy, Brandon S. and Garrett, Sean C. and Rajen, Sneha and Peters, Betts and Wiedrick, Jack and McLaughlin, Deirdre and O'Connor, Abigail and Renda, Ashley and Huggins, Jane E. and Fried-Oken, Melanie},
    journal = {Brain-Computer Interfaces},
    volume = {6},
    number = {1--2},
    pages = {13--24},
    year  = {2019},
    publisher = {Taylor & Francis},
    doi = {10.1080/2326263X.2019.1643203}
}

@article{endsley1995ootluf,
    title = "The Out-of-the-Loop Performance Problem and Level of Control in Automation",
    author = "Endsley, Mica R and Kiris, Esin O",
    journal = "Human Factors",
    volume = "37",
    number = "2",
    pages = "381--394",
    year = "1995",
    issn = "0018-7208"
}

@article{espie2007insomnia,
    title = "Understanding insomnia through cognitive modelling",
    author = "Colin A. Espie",
    journal = "Sleep Medicine",
    volume = "8",
    pages = "S3--S8",
    year = "2007",
    issn = "1389-9457",
    doi = "10.1016/S1389-9457(08)70002-9"
}

@article{eu2016gdpr,
    title   = {{Regulation (EU) 2016/679 of the European Parliament and of the Council of 27 April 2016 on the protection of natural persons with regard to the processing of personal data and on the free movement of such data, and repealing Directive 95/46/EC (General Data Protection Regulation)}},
    author  = {{European Parliament and Council of the European Union}},
    journal = {Official Journal of the European Union},
    year    = {2016},
    volume  = {L 119},
    pages   = {1--88}
}

@misc{eurostatisoc_ci_eu_en2,
    title = {Computers and the internet: enterprises - summary of {EU} aggregates ({NACE Rev.} 2 activity)},
    author = {Eurostat},
    year = 2016,
    url = {http://ec.europa.eu/eurostat/en/web/products-datasets/-/ISOC\_CI\_EU\_EN2},
    urldate = {2015-12-23}
}

@ARTICLE{ewing2016tetris,
    TITLE={Evaluation of an Adaptive Game that Uses {EEG} Measures Validated during the Design Process as Inputs to a Biocybernetic Loop},
    AUTHOR={Ewing, Kate C and Fairclough, Stephen H and Gilleade, Kiel},
    JOURNAL={Frontiers in Human Neuroscience},
    VOLUME={10},
    PAGES={223},
    YEAR={2016},
    DOI={10.3389/fnhum.2016.00223},
    ISSN={1662-5161}
}

@article{fairclough2009fundamentals,
    title={Fundamentals of physiological computing},
    author={Fairclough, Stephen H},
    journal={Interacting with computers},
    volume={21},
    number={1},
    pages={133--145},
    year={2009},
    publisher={Elsevier},
    doi = {10.1016/j.intcom.2008.10.011}
}

@article{fairclough2014confidential,
    title={Physiological data must remain confidential},
    author={Fairclough, Stephen H},
    journal={Nature},
    volume={505},
    pages={263},
    year={2014},
    doi = {10.1038/505263a}
}

@incollection{fairclough2017intadapt,
    title = "Physiological Computing and Intelligent Adaptation",
    author = "Fairclough, Stephen H.",
    editor = "Jeon, Myounghoon",
    booktitle = "Emotions and Affect in Human Factors and Human-Computer Interaction",
    publisher = "Academic Press",
    address = "San Diego, CA, USA",
    year = "2017",
    pages = "539--556",
    isbn = "978-0-12-801851-4",
    doi = "10.1016/B978-0-12-801851-4.00020-3"
}

@incollection{falkenstein1990,
    title={Effects of errors in choice reaction tasks on the {ERP} under focused and divided attention},
    author={Falkenstein, Michael and Hohnsbein, Joachim and Hoormann, J{\"o}rg and Blanke, Ludger},
    year={1990},
    booktitle={{Psychophysiological Brain Research}},
    editor={Brunia, C. H. M. and Gaillard, A. W. K. and Kok, A.},
    publisher={Tilburg University Press},
    address={Tilburg, Netherlands},
    pages={192--195}
}

@article{falkenstein2000,
    title = "{ERP} components on reaction errors and their functional significance: a tutorial",
    author = "Falkenstein, Michael and Hoormann, J{\"o}rg and Christ, Stefan and Hohnsbein, Joachim",
    journal = "Biological Psychology ",
    volume = "51",
    number = "2-3",
    pages = "87--107",
    year = "2000",
    issn = "0301-0511"
}

@article{farwell1988,
    title = "Talking off the top of your head: toward a mental prosthesis utilizing event-related brain potentials",
    author = "Farwell, L. A. and Donchin, E.",
    journal = {{Electroencephalography and Clinical Neurophysiology}},
    volume = "70",
    number = "6",
    pages = "510--523",
    year = "1988",
    note = "",
    issn = "0013-4694"
}

@article {farwell1991gkt,
    author = {Farwell, Lawrence A. and Donchin, Emanuel},
    title = {The Truth Will Out: Interrogative Polygraphy (``Lie Detection'') With Event-Related Brain Potentials},
    journal = {Psychophysiology},
    volume = {28},
    number = {5},
    publisher = {Blackwell Publishing Ltd},
    issn = {1469-8986},
    doi = {10.1111/j.1469-8986.1991.tb01990.x},
    pages = {531--547},
    year = {1991}
}

@techreport{ferree2000leadfield,
    author = {Ferree, Thomas and Clay, Matthew},
    title = {Lead field theory and the spatial sensitivity of scalp {EEG}},
    year = {2000},
    source = {http://www.csi.uoregon.edu/members/ferree/tutorials/LeadFieldTheory.pdf},
    institution = {{Electrical Geodesics, Inc.}},
    address = {Eugene, OR, USA}
}

@inproceedings{ferrez2005,
    title = {{You Are Wrong!---Automatic Detection of Interaction Errors from Brain Waves}},
    author = {Ferrez, Pierre W. and Mill{\'a}n, Jos{\'e} del R.},
    booktitle = {{Proceedings of the 19th International Joint Conference on Artificial Intelligence}},
    series = {IJCAI'05},
    year = {2005},
    location = {Edinburgh, Scotland},
    pages = {1413--1418},
    numpages = {6},
    acmid = {1642517},
    publisher = {Morgan Kaufmann},
    address = {San Francisco, CA}
}

@ARTICLE{ferrez2008simulated,
    title={{Error-Related EEG Potentials Generated During Simulated Brain-Computer Interaction}},
    author={Ferrez, Pierre W. and Mill{\'a}n, Jos{\'e} del R},
    journal={{IEEE Transactions on Biomedical Engineering}},
    year={2008},
    volume={55},
    number={3},
    pages={923--929},
    doi={10.1109/TBME.2007.908083},
    ISSN={0018-9294}
}

@article{fischer1999mmncoma,
    title = "Mismatch negativity and late auditory evoked potentials in comatose patients",
    author = "C Fischer and D Morlet and P Bouchet and J Luaute and C Jourdan and F Salord",
    journal = "Clinical Neurophysiology",
    volume = "110",
    number = "9",
    pages = "1601--1610",
    year = "1999",
    issn = "1388-2457",
    doi = "10.1016/S1388-2457(99)00131-5"
}

@article{fischer2001usermodeling,
    title={User Modeling in Human-Computer Interaction},
    author={Fischer, Gerhard},
    year={2001},
    issn={0924-1868},
    journal={User Modeling and User-Adapted Interaction},
    volume={11},
    number={1-2},
    doi={10.1023/A:1011145532042},
    publisher={Kluwer Academic Publishers},
    pages={65-86}
}

@Article{frankfurt1971,
    author="Frankfurt, Harry G",
    title="Freedom of the Will and the Concept of a Person",
    journal="The Journal of Philosophy",
    year="1971",
    volume="68",
    number="1",
    pages="5--20"
}

@article{freeman2009,
    title = "Combining {fMRI} with {EEG} and {MEG} in order to relate patterns of brain activity to cognition",
    author = "Freeman, Walter J. and Ahlfors, Seppo P. and Menon, Vinod",
    journal = "International Journal of Psychophysiology",
    volume = "73",
    number = "1",
    pages = "43--52",
    year = "2009",
    issn = "0167-8760",
    doi = "10.1016/j.ijpsycho.2008.12.019"
}

@inproceedings{frey2014revieweeghci,
    author={J\'er\'emy Frey and Christian M\"uhl and Fabien Lotte and Martin Hachet},
    title={Review of the Use of Electroencephalography as an Evaluation Method for Human-Computer Interaction},
    booktitle={{Proceedings of the International Conference on Physiological Computing Systems (PhyCS)}},
    year={2014},
    location = {Lisbon, Portugal},
    pages={214--223},
    doi={10.5220/0004708102140223},
    isbn={978-989-758-006-2}
}

@inproceedings{frey2016eegux,
    title = {Framework for Electroencephalography-based Evaluation of User Experience},
    author = {Frey, J\'er\'emy and Daniel, Maxime and Castet, Julien and Hachet, Martin and Lotte, Fabien},
    booktitle = {{Proceedings of the 2016 CHI Conference on Human Factors in Computing Systems}},
    series = {{CHI '16}},
    year = {2016},
    isbn = {978-1-4503-3362-7},
    location = {Santa Clara, California, USA},
    pages = {2283--2294},
    numpages = {12},
    doi = {10.1145/2858036.2858525},
    acmid = {2858525},
    publisher = {ACM},
    address = {New York, NY, USA}
}

@article{frey2016visualcomfort,
    author = {Frey, J{\'e}r{\'e}my and Appriou, Aur{\'e}lien and Lotte, Fabien and Hachet, Martin},
    title = {Classifying {EEG} Signals During Stereoscopic Visualization to Estimate Visual Comfort},
    journal = {Computational Intelligence and Neuroscience},
    volume = {2016},
    year = {2016},
    issn = {1687-5265},
    pages = {7:7--7:7},
    articleno = {7},
    numpages = {1},
    doi = {10.1155/2016/2758103},
    acmid = {2934364},
    publisher = {Hindawi Publishing Corp.},
    address = {New York, NY, US},
}

@Article{friedrich2018bciautonomy,
    author="Friedrich, Orsolya and Racine, Eric and Steinert, Steffen and P{\"o}msl, Johannes and Jox, Ralf J.",
    title="An Analysis of the Impact of Brain-Computer Interfaces on Autonomy",
    journal="Neuroethics",
    year="2018",
    issn="1874-5504",
    doi="10.1007/s12152-018-9364-9"
}

@article{friston2010free,
    title={The free-energy principle: a unified brain theory?},
    author={Friston, Karl},
    journal={{Nature Reviews Neuroscience}},
    volume={11},
    number={2},
    pages={127--138},
    year={2010},
    publisher={Nature Publishing Group}
}

@article {furdea2009auditoryspeller,
    author = {Furdea, A. and Halder, S. and Krusienski, D.J. and Bross, D. and Nijboer, F. and Birbaumer, N. and K\"ubler, A.},
    title = {An auditory oddball ({P}300) spelling system for brain-computer interfaces},
    journal = {Psychophysiology},
    volume = {46},
    number = {3},
    publisher = {Blackwell Publishing Inc},
    issn = {1469-8986},
    doi = {10.1111/j.1469-8986.2008.00783.x},
    pages = {617--625},
    year = {2009}
}

@inproceedings{gates2006dj,
    author = {Gates, Carrie and Subramanian, Sriram and Gutwin, Carl},
    title = {{DJ}s' Perspectives on Interaction and Awareness in Nightclubs},
    booktitle = {{Proceedings of the 6th Conference on Designing Interactive Systems}},
    series = {DIS '06},
    year = {2006},
    isbn = {1-59593-367-0},
    location = {University Park, PA, USA},
    pages = {70--79},
    numpages = {10},
    doi = {10.1145/1142405.1142418},
    acmid = {1142418},
    publisher = {ACM},
    address = {New York, NY, USA}
}

@incollection{gehring2011ern,
    title={The error-related negativity ({ERN/Ne})},
    author={Gehring, William J and Liu, Yanni and Orr, Joseph M and Carp, Joshua},
    booktitle={Oxford Handbook of Event-Related Potential Components},
    editor = {Luck, Steven J. and Kappenman, Emily S.},
    pages={231--291},
    year={2011},
    publisher={Oxford University Press},
    address={New York, NY},
    doi = {10.1093/oxfordhb/9780195374148.013.0120}
}

@article{gerjets2014workload,
    title = {Cognitive state monitoring and the design of adaptive instruction in digital environments: lessons learned from cognitive workload assessment using a passive brain-computer interface approach},
    author = {Gerjets, Peter and Walter, Carina and Rosenstiel, Wolfgang and Bogdan, Martin and Zander, Thorsten O},
    volume = {8},
    pages = {385},
    year = {2014},
    journal = {Frontiers in Neuroscience},
    doi = {10.3389/fnins.2014.00385}
}

@article{gevins2003workloadhci,
    author = {Gevins, Alan and  Smith, Michael E.},
    title = {Neurophysiological measures of cognitive workload during human-computer interaction},
    journal = {Theoretical Issues in Ergonomics Science},
    volume = {4},
    number = {1--2},
    pages = {113--131},
    year = {2003},
    doi = {10.1080/14639220210159717}
}

@inproceedings{gilroy2013bcinarrative,
    title = {A Brain-computer Interface to a Plan-based Narrative},
    author = {Gilroy, Stephen W. and Porteous, Julie and Charles, Fred and Cavazza, Marc and Soreq, Eyal and Raz, Gal and Ikar, Limor and Or-Borichov, Ayelet and Ben-Arie, Udi and Klovatch, Ilana and Hendler, Talma},
    booktitle = {{Proceedings of the Twenty-Third International Joint Conference on Artificial Intelligence}},
    series = {IJCAI '13},
    year = {2013},
    isbn = {978-1-57735-633-2},
    location = {Beijing, China},
    pages = {1997--2005},
    numpages = {9},
    acmid = {2540415},
    publisher = {AAAI Press},
    address = {Palo Alto, CA, USA}
}

@INPROCEEDINGS{giraldo2010kalman,
    title={Estimation of dynamic neural activity using a {K}alman filter approach based on physiological models},
    author={E. Giraldo and A. J. den Dekker and G. Castellanos-Dominguez},
    booktitle={{2010 Annual International Conference of the IEEE Engineering in Medicine and Biology}},
    year={2010},
    volume={},
    number={},
    pages={2914--2917},
    doi={10.1109/IEMBS.2010.5626281},
    ISSN={1094-687X}
}

@inproceedings{girouard2008fnirshci,
    title = {Using functional Near-Infrared Spectroscopy in {HCI}: Toward evaluation methods and adaptive interfaces},
    author = {Girouard, Audrey and Hirshfield, Leanne M. and Solovey, Erin and Jacob, Robert J. K.},
    year = {2008},
    booktitle = {{Proceedings of the Brain-Computer Interfaces for HCI and Games Workshop at the SIGCHI Conference on Human Factors in Computing Systems (CHI)}},
    location = {Florence, Italy}
}

@Inbook{girouard2010fnirshci,
    title="From Brain Signals to Adaptive Interfaces: Using {fNIRS} in {HCI}",
    author="Girouard, Audrey and Solovey, Erin Treacy and Hirshfield, Leanne M. and Peck, Evan M. and Chauncey, Krysta and Sassaroli, Angelo and Fantini, Sergio and Jacob, Robert J. K.",
    editor="Tan, Desney S. and Nijholt, Anton",
    bookTitle="Brain-Computer Interfaces: Applying our Minds to Human-Computer Interaction",
    year="2010",
    pages="221--237",
    publisher="Springer London",
    address="London",
    isbn="978-1-84996-272-8",
    doi="10.1007/978-1-84996-272-8\_13"
}

@incollection{goldberg2006saccadessalienceattention,
    title = "Saccades, salience and attention: the role of the lateral intraparietal area in visual behavior",
    author = "Goldberg, Michael E and Bisley, James W and Powell, Keith D and Gottlieb, Jacqueline",
    booktitle = "Visual Perception",
    editor = "S. Martinez-Conde and S.L. Macknik and L.M. Martinez and J.-M. Alonso and P.U. Tse",
    series = "Progress in Brain Research",
    publisher = "Elsevier",
    volume = "155",
    pages = "157--175",
    year = "2006",
    issn = "0079-6123",
    doi = "10.1016/S0079-6123(06)55010-1"
}

@Article{gomezgonzalez1994,
    author="Gomez Gonzalez, Carlos M. and Clark, Vincent P. and Fan, Silu and Luck, Steven J. and Hillyard, Steven A.",
    title="Sources of attention-sensitive visual event-related potentials",
    journal="Brain Topography",
    year="1994",
    volume="7",
    number="1",
    pages="41--51",
    issn="1573-6792",
    doi="10.1007/BF01184836"
}

@ARTICLE{goverdovsky2016eareeg,
    author={Goverdovsky, Valentin and Looney, David and Kidmose, Preben and Mandic, Danilo P},
    journal={{IEEE Sensors Journal}},
    title={In-Ear {EEG} From Viscoelastic Generic Earpieces: Robust and Unobtrusive 24/7 Monitoring},
    year={2016},
    volume={16},
    number={1},
    pages={271--277},
    doi={10.1109/JSEN.2015.2471183},
    ISSN={1530-437X}
}

@article{gramann2011mobireview,
    title={Cognition in action: imaging brain/body dynamics in mobile humans},
    author={Gramann, Klaus and Gwin, Joseph T and Ferris, Daniel P and Oie, Kelvin and Jung, Tzyy-Ping and Lin, Chin-Teng and Liao, Lun-De and Makeig, Scott},
    journal={Reviews in the Neurosciences},
    volume={22},
    number={6},
    pages={593--608},
    year={2011}
}

@article {gramann2018heading,
	author = {Gramann, Klaus and Hohlefeld, Friederike U. and Gehrke, Lukas and Klug, Marius},
	title = {Heading computation in the human retrosplenial complex during full-body rotation},
	journal = {bioRxiv},
	year = {2018},
	doi = {10.1101/417972},
	elocation-id = {417972},
	publisher = {Cold Spring Harbor Laboratory}
}

@Inbook{gramfort2011eegmeg,
    title="Functional Brain Imaging with M/EEG Using Structured Sparsity in Time-Frequency Dictionaries",
    author="Gramfort, Alexandre and Strohmeier, Daniel and Haueisen, Jens and Hamalainen, Matti and Kowalski, Matthieu",
    editor="Sz{\'e}kely, G{\'a}bor and Hahn, Horst K.",
    bookTitle="Information Processing in Medical Imaging: 22nd International Conference, IPMI 2011, Kloster Irsee, Germany, July 3-8, 2011. Proceedings",
    year="2011",
    publisher="Springer Berlin Heidelberg",
    address="Berlin, Heidelberg",
    pages="600--611",
    isbn="978-3-642-22092-0",
    doi="10.1007/978-3-642-22092-0\_49"
}

@ARTICLE{guger2000csp,
    title={{Real-time EEG analysis with subject-specific spatial patterns for a brain-computer interface (BCI)}},
    author={Guger, C. and Ramoser, H. and Pfurtscheller, Gert},
    journal={{IEEE Transactions on Rehabilitation Engineering}},
    year={2000},
    volume={8},
    number={4},
    pages={447--456},
    ISSN={1063-6528},
    doi = {10.1109/86.895947}
}

@Inbook{guger2019hackathons,
    author="Guger, Christoph and Allison, Brendan Z. and Walchshofer, Martin and Breinbauer, Sarah",
    editor="Nijholt, Anton",
    title="The {BR4IN.IO} Hackathons",
    bookTitle="Brain Art: Brain-Computer Interfaces for Artistic Expression",
    year="2019",
    publisher="Springer International Publishing",
    address="Cham",
    pages="447--473",
    isbn="978-3-030-14323-7",
    doi="10.1007/978-3-030-14323-7\_17"
}

@article{hajcak2006binaryfrn,
    title = "The feedback-related negativity reflects the binary evaluation of good versus bad outcomes",
    author = "Hajcak, Greg and Moser, Jason S. and Holroy,d Clay B. and Simons, Robert F.",
    year = "2006",
    journal = "Biological Psychology",
    volume = "71",
    number = "2",
    pages = "148--154",
    issn = "0301-0511",
    doi = "10.1016/j.biopsycho.2005.04.001"
}

@Article{haselager2013agency,
    author="Haselager, Pim",
    title="Did {I} Do That? {B}rain-Computer Interfacing and the Sense of Agency",
    journal="Minds and Machines",
    year="2013",
    volume="23",
    number="3",
    pages="405--418",
    issn="1572-8641",
    doi="10.1007/s11023-012-9298-7"
}

@Inbook{haselager2018reading,
    title="Is Brain Reading Mind Reading?",
    author="Haselager, Pim and Mecacci, Giulio",
    editor="Donnelly-Lazarov, B and Patterson, D and Raynor, P",
    bookTitle="Neurolaw and Responsibility for Action: Concepts, Crimes and Courts",
    year="2018",
    publisher="Cambridge University Press",
    address="Cambridge, UK",
    pages="182--191",
    isbn="9781108428705",
    doi="10.1017/9781108553339"
}

@ARTICLE{haufe2010connectivity,
    title={Modeling Sparse Connectivity Between Underlying Brain Sources for {EEG/MEG}},
    author={S. Haufe and R. Tomioka and G. Nolte and K. R. M\"uller and M. Kawanabe},
    journal={{IEEE Transactions on Biomedical Engineering}},
    year={2010},
    volume={57},
    number={8},
    pages={1954--1963},
    doi={10.1109/TBME.2010.2046325},
    ISSN={0018-9294}
}

@article{haufe2013connectivity,
    title = "A critical assessment of connectivity measures for {EEG} data: A simulation study",
    author = {Stefan Haufe and Vadim V. Nikulin and Klaus-Robert M\"uller and Guido Nolte},
    journal = "NeuroImage",
    volume = "64",
    number = "Supplement C",
    pages = "120 - 133",
    year = "2013",
    issn = "1053-8119",
    doi = "10.1016/j.neuroimage.2012.09.036"
}

@article{haufe2014,
    title = "On the interpretation of weight vectors of linear models in multivariate neuroimaging",
    author = "Haufe, Stefan and Meinecke, Frank and G{\"o}rgen, Kai and D{\"a}hne, Sven and Haynes, John-Dylan and Blankertz, Benjamin and Bie{\ss}mann, Felix",
    journal = "NeuroImage ",
    volume = "87",
    number = "0",
    pages = "96--110",
    year = "2014",
    issn = "1053-8119",
    doi = "10.1016/j.neuroimage.2013.10.067"
}

@Article{haufe2016connectivitysimulation,
    title="A Simulation Framework for Benchmarking EEG-Based Brain Connectivity Estimation Methodologies",
    author="Haufe, Stefan and Ewald, Arne",
    journal="Brain Topography",
    year="2016",
    issn="1573-6792",
    doi="10.1007/s10548-016-0498-y"
}

@book{hawkins2004intelligence,
    title={On Intelligence},
    author={Hawkins, Jeff and Blakeslee, Sandra},
    year={2007},
    publisher={Macmillan},
    address={London, UK},
}

@Inbook{haynes2011brainreading,
    title="Brain Reading: Decoding Mental States From Brain Activity In Human",
    author="Haynes, John-Dylan",
    editor="Illes, Judy and Sahakian, Barbara J",
    bookTitle="Oxford Handbook of Neuroethics",
    year="2011",
    publisher="Oxford University Press",
    address="New York, NY, USA",
    pages="3--13",
    isbn="9780199570706",
    doi="10.1093/oxfordhb/9780199570706.013.0013"
}

@Article{he2007eog,
    title="Removal of ocular artifacts from the {EEG}: a comparison between time-domain regression method and adaptive filtering method using simulated data",
    author="He, Ping and Wilson, Glenn and Russell, Christopher and Gerschutz, Maria",
    journal="Medical {\&} Biological Engineering {\&} Computing",
    year="2007",
    volume="45",
    number="5",
    pages="495--503",
    issn="1741-0444",
    doi="10.1007/s11517-007-0179-9"
}

@misc{headit,
    title = {{HeadIT}: Human Electrophysiology, Anatomic Data and Integrated Tools Resource},
    author = {{Swartz Center for Computational Neuroscience (SCCN)}},
    url = {http://headit.ucsd.edu},
    urldate = {2018-07-25}
}

@article{hettinger2003neuroadaptive,
    author = {Hettinger, Lawrence J and  Branco, Pedro and  Encarnacao, L. Miguel and  Bonato, Paolo},
    title = {Neuroadaptive technologies: Applying neuroergonomics to the design of advanced interfaces},
    journal = {{Theoretical Issues in Ergonomics Science}},
    volume = {4},
    number = {1--2},
    pages = {220--237},
    year = {2003},
    doi = {10.1080/1463922021000020918}
}

@article{heydari2016rewardorsalience,
    title = {Reward positivity: Reward prediction error or salience prediction error?},
    author = {Heydari, Sepideh and Holroyd, Clay B.},
    journal = {Psychophysiology},
    volume = {53},
    number = {8},
    pages = {1185--1192},
    doi = {10.1111/psyp.12673},
    year = {2016}
}

@article{hillyard1998visualselectiveattention,
    title = {Event-related brain potentials in the study of visual selective attention},
    author = {Hillyard, Steven A. and Anllo-Vento, Lourdes},
    volume = {95},
    number = {3},
    pages = {781--787},
    year = {1998},
    journal = {{Proceedings of the National Academy of Sciences}}
}

@inproceedings{hincks2017entropicbci,
    title={Entropic Brain-computer Interfaces - Using {fNIRS} and {EEG} to Measure Attentional States in a Bayesian Framework},
    author  = {Samuel W. Hincks and
               Sarah Bratt and
               Sujit Poudel and
               Vir V. Phoha and
               Robert J. K. Jacob and
               Daniel C. Dennett and
               Leanne M. Hirshfield},
    booktitle={{Proceedings of the 4th International Conference on Physiological Computing Systems (PhyCS)}},
    year={2017},
    location = {Madrid, Spain},
    pages={23--34},
    isbn={978-989-758-268-4}
}

@article{holroyd2002,
    title={The neural basis of human error processing: reinforcement learning, dopamine, and the error-related negativity},
    author={Holroyd, Clay B. and Coles, Michael G. H.},
    journal={{Psychological Review}},
    volume={109},
    number={4},
    pages={679--708},
    year={2002},
    doi = {10.1037/0033-295X.109.4.679}
}

@article{holroyd2003frn,
    title = {Errors in reward prediction are reflected in the event-related brain potential},
    author = {Holroyd, Clay B. and Nieuwenhuis, Sander and Yeung, Nick and Cohen, Jonathan D.},
    year = {2003},
    journal = {NeuroReport},
    volume = {14},
    number = {18},
    pages = {2481--2482}
}

@article{holroyd2008rewardpositivity,
    title = {The feedback correct-related positivity: Sensitivity of the event-related brain potential to unexpected positive feedback},
    author = {Holroyd, Clay B. and Pakzad-Vaezi, Kaivon L. and Krigolson, Olave E.},
    journal = {Psychophysiology},
    year = {2008},
    volume = {45},
    number = {5},
    pages = {688--697},
    doi = {10.1111/j.1469-8986.2008.00668.x}
}

@INPROCEEDINGS{hsu2014orica,
    author={Hsu, Sheng-Hsiou and Mullen, Tim and Jung, Tzyy-Ping and Cauwenberghs, Gert},
    booktitle={36th Annual International Conference of the {IEEE} Engineering in Medicine and Biology Society},
    title={Online recursive independent component analysis for real-time source separation of high-density {EEG}},
    year={2014},
    pages={3845--3848},
    doi={10.1109/EMBC.2014.6944462},
    ISSN={1094-687X}
}

@article{huang2016nyhead,
    title = "The {N}ew {Y}ork {H}ead---A precise standardized volume conductor model for {EEG} source localization and {tES} targeting",
    author = "Huang, Yu and Parra, Lucas C. and Haufe, Stefan",
    journal = "NeuroImage",
    volume = "140",
    pages = "150--162",
    year = "2016",
    issn = "1053-8119",
    doi = "10.1016/j.neuroimage.2015.12.019"
}

@Article{huiskamp2008,
    title="Interindividual variability of skull conductivity: an {EEG-MEG} analysis",
    author="Huiskamp, Geertjan",
    journal="International Journal of Bioelectromagnetism",
    year="2008",
    volume="10",
    number="1",
    pages="25--30",
}

@Article{huth2016semanticmaps,
    title={Natural speech reveals the semantic maps that tile human cerebral cortex},
    author={Huth, Alexander G. and de Heer, Wendy A. and Griffiths, Thomas L. and Theunissen, Fr{\'e}d{\'e}ric E. and Gallant, Jack L.},
    journal={Nature},
    year={2016},
    publisher={Nature},
    volume={532},
    pages={453--458},
    doi={10.1038/nature17637}
}

@book{ieeedictionary,
    title = {{IEEE} 100: The Authoritative Dictionary of {IEEE} Standards Terms},
    edition = {Seventh},
    author = {Breitfelder, Kim and Messina, Don},
    year = {2000},
    publisher = {IEEE Press},
    address = {New York, NY, USA},
    doi={10.1109/IEEESTD.2000.322230},
    isbn = {0-7381-2601-2}
}

@Article{ienca2016ethics,
    author="Ienca, Marcello and Haselager, Pim",
    title="Hacking the brain: brain--computer interfacing technology and the ethics of neurosecurity",
    journal="Ethics and Information Technology",
    year="2016",
    volume="18",
    number="2",
    pages="117--129",
    issn="1572-8439",
    doi="10.1007/s10676-016-9398-9"
}

@article{ienca2018brainleaks,
    title={Brain leaks and consumer neurotechnology},
    author={Ienca, Marcello and Haselager, Pim and Emanuel, Ezekiel J},
    journal={{Nature Biotechnology}},
    volume={36},
    number={},
    pages={805--810},
    year={2018},
    doi={10.1038/nbt.4240}
}

@inproceedings{ilstedt2000brainball,
    author = {Ilstedt Hjelm, Sara and Browall, Carolina},
    title = {Brainball---using brain activity for cool competition},
    booktitle = {Proceedings of the 1st Nordic Conference of Human-Computer Interaction ({NordiCHI})},
    year = {2000},
    location = {Stockholm, Sweden}
}

@article{ilstedt2003brainballrd,
    author = {Ilstedt Hjelm, Sara},
    title = {Research + Design: The Making of Brainball},
    journal = {Interactions},
    volume = {10},
    number = {1},
    month = jan,
    year = {2003},
    issn = {1072-5520},
    pages = {26--34},
    numpages = {9},
    doi = {10.1145/604575.604576},
    acmid = {604576},
    publisher = {ACM},
    address = {New York, NY, USA},
}

@ARTICLE{iturrate2009p300wheelchair,
    title={A Noninvasive Brain-Actuated Wheelchair Based on a {P300} Neurophysiological Protocol and Automated Navigation},
    author={Iturrate, I. and Antelis, J. M. and K{\"u}bler, A. and Minguez, J.},
    journal={IEEE Transactions on Robotics},
    year={2009},
    volume={25},
    number={3},
    pages={614--627},
    doi = {10.1109/TRO.2009.2020347}
}

@INPROCEEDINGS{iturrate2012,
    title={Latency correction of error potentials between different experiments reduces calibration time for single-trial classification},
    author={Iturrate, I. and Chavarriaga, R. and Montesano, L. and Minguez, J. and Mill\'an, Jos\'e del R.},
    booktitle={{2012 Annual International Conference of the IEEE Engineering in Medicine and Biology Society (EMBC)}},
    year={2012},
    pages={3288--3291}
}

@Article{iturrate2015teaching,
    Title                    = {Teaching brain-machine interfaces as an alternative paradigm to neuroprosthetics control},
    Author                   = {Iturrate, I{\~}naki and Chavarriaga, Ricardo and Montesano, Luis and Minguez, Javier and Mill\'an, Jos\'e del R.},
    Journal                  = {Scientific Reports},
    Year                     = {2015},
    Volume                   = {5},
    pages                    = {13893},
    doi = {10.1038/srep13893}
}

@inproceedings{jacob2008realitybased,
    title = {Reality-based Interaction: A Framework for post-{WIMP} Interfaces},
    author = {Jacob, Robert J. K. and Girouard, Audrey and Hirshfield, Leanne M. and Horn, Michael S. and Shaer, Orit and Solovey, Erin Treacy and Zigelbaum, Jamie},
    booktitle = {{Proceedings of the SIGCHI Conference on Human Factors in Computing Systems}},
    series = {CHI '08},
    year = {2008},
    isbn = {978-1-60558-011-1},
    location = {Florence, Italy},
    pages = {201--210},
    numpages = {10},
    doi = {10.1145/1357054.1357089},
    acmid = {1357089},
    publisher = {ACM},
    address = {New York, NY, USA}
}

@Article{janssen2013emotionrecognition,
    author="Janssen, Joris H and Tacken, Paul and de Vries, Gert-Jan and van den Broek, Egon L and Westerink, Joyse H D M and Haselager, Pim and IJsselsteijn, Wijnand A",
    title="Machines Outperform Laypersons in Recognizing Emotions Elicited by Autobiographical Recollection",
    journal="Human-Computer Interaction",
    year="2013",
    volume="28",
    number="6",
    pages="479--517",
    issn="0737-0024",
    doi="10.1080/07370024.2012.755421"
}

@article{jia2007perceptualconflict,
    title = {Detecting perceptual conflict by the feedback-related negativity in brain potentials},
    author = {Jia, Shiwei and Li, Hong and Luo, Yuejia and Chen, Antao and Wang, Baoxi and Zhou, Xiaolin},
    journal = {NeuroReport},
    year = {2007},
    volume = {18},
    number = {13},
    pages = {1385--1388},
    issn = {0959-4965},
    doi = {10.1097/WNR.0b013e3282c48a90}
}

@article{jin2011p300flashpattern,
	title = {An adaptive {P300}-based control system},
	author = {Jin, Jing and Allison, Brendan Z and Sellers, Eric W and Brunner, Clemens and Horki, Petar and Wang, Xingyu and Neuper, Christa},
	year = 2011,
	journal = {Journal of Neural Engineering},
	publisher = {{IOP} Publishing},
	volume = {8},
	number = {3},
	pages = {036006},
	doi = {10.1088/1741-2560/8/3/036006}
}

@article {jung2001,
    title = {Analysis and visualization of single-trial event-related potentials},
    author = {Jung, Tzyy-Ping and Makeig, Scott and Westerfield, Marissa and Townsend, Jeanne and Courchesne, Eric and Sejnowski, Terrence J.},
    journal = {{Human Brain Mapping}},
    volume = {14},
    number = {3},
    publisher = {Wiley},
    issn = {1097-0193},
    pages = {166--185},
    year = {2001}
}

@book{kahneman2011fastslow,
    title={Thinking, fast and slow},
    author={Kahneman, Daniel},
    year={2011},
    publisher={Farrar, Straus and Giroux},
    address={New York, NY, USA},
    isbn={978-0-374-27563-1}
}

@article{kane2000erpcoma,
    title = "Coma Outcome Prediction Using Event-Related Potentials: P3 and Mismatch Negativity",
    author = "Kane, N M and Butler, S R and Simpson, T",
    journal = "Audiology and Neurotology",
    volume = "5",
    number = "3--4",
    pages = "186--191",
    year = "2000",
    issn = "1420-3030",
    doi = "10.1159/000013879"
}

@article{karran2015culturalheritage,
    title = {A Framework for Psychophysiological Classification within a Cultural Heritage Context Using Interest},
    author = {Karran, Alexander J. and Fairclough, Stephen H. and Gilleade, Kiel},
    journal = {ACM Transactions on Computer-Human Interaction},
    year = {2015},
    volume = {21},
    number = {6},
    pages = {34},
    issn = {1073-0516},
    doi = {10.1145/2687925},
    publisher = {Association for Computing Machinery},
    address = {New York, NY, USA}
}

@article{kellmeyer2018bigbraindata,
    author = {Kellmeyer, Philipp},
    title = {Big Brain Data: On the Responsible Use of Brain Data from Clinical and Consumer-Directed Neurotechnological Devices},
    journal = {Neuroethics},
    year = {2018},
    volume = {},
    number = {},
    doi = {10.1007/s12152-018-9371-x},
    issn = {1874-5504}
}

@article{kirchner1958nback,
    title={Age differences in short-term retention of rapidly changing information},
    author={Kirchner, Wayne L},
    year={1958},
    journal={Journal of Experimental Psychology},
    volume={55},
    number={4},
    doi={10.1037/h0043688},
    pages={352--358}
}

@article{kirchner2013brainreading,
    title = {On the Applicability of Brain Reading for Predictive Human-Machine Interfaces in Robotics},
    author = {Kirchner, Elsa Andrea AND Kim, Su Kyoung AND Straube, Sirko AND Seeland, Anett AND W\"ohrle, Hendrik AND Krell, Mario Michael AND Tabie, Marc AND Fahle, Manfred},
    journal = {{PLOS ONE}},
    publisher = {Public Library of Science},
    year = {2013},
    volume = {8},
    pages = {1--19},
    number = {12},
    doi = {10.1371/journal.pone.0081732}
}

@ARTICLE{kirchner2016multirobotcontrol,
    TITLE={An Intelligent Man-Machine Interface---Multi-Robot Control Adapted for Task Engagement Based on Single-Trial Detectability of {P}300},
    AUTHOR={Kirchner, Elsa A. and Kim, Su K. and Tabie, Marc and W\"ohrle, Hendrik and Maurus, Michael and Kirchner, Frank},
    JOURNAL={Frontiers in Human Neuroscience},
    VOLUME={10},
    PAGES={291},
    YEAR={2016},
    DOI={10.3389/fnhum.2016.00291},
    ISSN={1662-5161}
}

@incollection{kirchner2019embeddedmmi,
    chapter = {Embedded Multimodal Interfaces in Robotics: Applications, Future Trends, and Societal Implications},
    author = {Kirchner, Elsa A. and Fairclough, Stephen H. and Kirchner, Frank},
    title = {The Handbook of Multimodal-Multisensor Interfaces},
    editor = {Oviatt, Sharon and Schuller, Bj\"orn and Cohen, Philip R. and Sonntag, Daniel and Potamianos, Gerasimos and Kr\"uger, Antonio},
    year = {2019},
    pages = {523--576},
    numpages = {54},
    doi = {10.1145/3233795.3233810},
    acmid = {3233810},
    isbn = {978-1-97000-175-4},
    publisher = {AMC and Morgan \& Claypool},
    address = {New York, NY, USA}
}

@ARTICLE{kleinsmith2011posture,
    author={Kleinsmith, A and Bianchi-Berthouze, N and Steed, A},
    journal={{IEEE Transactions on Systems, Man, and Cybernetics, Part B (Cybernetics)}},
    title={Automatic Recognition of Non-Acted Affective Postures},
    year={2011},
    volume={41},
    number={4},
    pages={1027--1038},
    doi={10.1109/TSMCB.2010.2103557},
    ISSN={1083-4419}
}

@article{klimesch1999eeg,
    title={{EEG} alpha and theta oscillations reflect cognitive and memory performance: a review and analysis},
    author={Klimesch, Wolfgang},
    journal={{Brain Research Reviews}},
    volume={29},
    number={2},
    pages={169--195},
    year={1999},
    publisher={Elsevier}
}

@article{knutson2007purchases,
    title = "Neural Predictors of Purchases",
    journal = "Neuron ",
    volume = "53",
    number = "1",
    pages = "147--156",
    year = "2007",
    note = "",
    issn = "0896-6273",
    doi = "http://dx.doi.org/10.1016/j.neuron.2006.11.010",
    author = "Brian Knutson and Scott Rick and G. Elliott Wimmer and Drazen Prelec and George Loewenstein",
}

@incollection{kohlmorgen2007,
    title={Improving human performance in a real operating environment through real-time mental workload detection},
    author={Kohlmorgen, Jens and Dornhege, Guido and Braun, Mikio and Blankertz, Benjamin and Curio, Gabriel and Hagemann, Konrad and Bruns, Andreas and Schrauf, Michael and Kincses, Wilhelm},
    year={2007},
    booktitle={{Toward Brain-Computer Interfacing}},
    editor={Dornhege, Guido},
    publisher={MIT Press},
    address={Cambridge, MA, USA},
    pages={409--422}
}

@article{kok2001p3workload,
    author = {Kok, Albert},
    title = {On the utility of P3 amplitude as a measure of processing capacity},
    journal = {Psychophysiology},
    volume = {38},
    number = {3},
    publisher = {Blackwell Publishing},
    issn = {1469-8986},
    doi = {10.1017/S0048577201990559},
    pages = {557--577},
    year = {2001}
}

@article{kothe2013bcilab,
    title={{BCILAB}: a platform for brain-computer interface development},
    author={Kothe, Christian A and Makeig, Scott},
    journal={{Journal of Neural Engineering}},
    volume={10},
    number={5},
    pages={056014},
    year={2013},
    doi={10.1088/1741-2560/10/5/056014}
}

@article{kreilinger2012,
    title={Error potential detection during continuous movement of an artificial arm controlled by brain-computer interface},
    author={Kreilinger, Alex and Neuper, Christa and M{\"u}ller-Putz, Gernot R.},
    year={2012},
    issn={0140-0118},
    journal={Medical \& Biological Engineering \& Computing},
    volume={50},
    number={3},
    publisher={Springer-Verlag},
    keywords={Brain-computer interface; Electroencephalogram; Error potential; Motor imagery},
    pages={223--230}
}

@INPROCEEDINGS{krol2016workload,
    author={Krol, Laurens R and Freytag, Sarah-Christin and Fleck, Markus and Gramann, Klaus and Zander, Thorsten O},
    booktitle={{2016 IEEE International Conference on Systems, Man, and Cybernetics (SMC)}},
    title={A task-independent workload classifier for neuroadaptive technology: Preliminary data},
    year={2016},
    pages={003171--003174},
    doi={10.1109/SMC.2016.7844722}
}

@INPROCEEDINGS{krol2017interactivitygraz,
    title={Passive {BCI}-Based Neuroadaptive Systems},
    author={Krol, Laurens R and Zander, Thorsten O},
    booktitle={Proceedings of the 7th {G}raz Brain-Computer Interface Conference 2017},
    year={2017},
    pages={248--253},
    doi={10.3217/978-3-85125-533-1-46},
    isbn = {978-3-85125-533-1},
    issn = {2311-0422}
}

@inproceedings{krol2017meyendtris,
    author = {Krol, Laurens R. and Freytag, Sarah-Christin and Zander, Thorsten O.},
    title = {Meyendtris: A Hands-free, Multimodal {T}etris Clone Using Eye Tracking and Passive {BCI} for Intuitive Neuroadaptive Gaming},
    booktitle = {{Proceedings of the 19th ACM International Conference on Multimodal Interaction}},
    series = {ICMI 2017},
    year = {2017},
    isbn = {978-1-4503-5543-8},
    location = {Glasgow, UK},
    pages = {433--437},
    numpages = {5},
    doi = {10.1145/3136755.3136805},
    acmid = {3136805},
    publisher = {ACM},
    address = {New York, NY, USA}
}

@incollection{krol2018interactivity,
    title = {{Passive Brain-Computer Interfaces: A Perspective on Increased Interactivity}},
    author = {Krol, Laurens R and Andreessen, Lena M and Zander, Thorsten O},
    year = {2018},
    pages = {69--86},
    booktitle = {{Brain-Computer Interfaces Handbook: Technological and Theoretical Advances}},
    editor = {Nam, Chang S and Nijholt, Anton and Lotte, Fabien},
    publisher = {CRC Press},
    address = {Boca Raton, FL, USA},
    isbn = {9781498773430}
}

@inproceedings{krol2018museum,
    title = {Passive Brain-Computer Interfacing in the {M}useum of {S}tillness},
    author = {Krol, Laurens R and Andreessen, Lena M and Podgorska, Aleksandra and Makarov, Nikolai and Zander, Thorsten O},
    year = {2018},
    booktitle = {{Proceedings of the Artistic BCI Workshop at the SIGCHI Conference on Human Factors in Computing Systems (CHI)}},
    address = {Montr\'eal, Canada}
}

@InProceedings{krol2018cp,
    author="Krol, Laurens R. and Zander, Thorsten O.",
    editor="Ham, Jaap and Spagnolli, Anna and Blankertz, Benjamin and Gamberini, Luciano and Jacucci, Giulio",
    title="Towards a Conceptual Framework for Cognitive Probing",
    booktitle="Symbiotic Interaction",
    year="2018",
    publisher="Springer International Publishing",
    address="Cham, Switzerland",
    pages="74--78",
    doi="10.1007/978-3-319-91593-7\_8",
    isbn="978-3-319-91593-7"
}

@Article{krol2018sereega,
    author="Krol, Laurens R and Pawlitzki, Juliane and Lotte, Fabien and Gramann, Klaus and Zander, Thorsten O",
    title={{SEREEGA: Simulating Event-Related EEG Activity}},
    journal="Journal of Neuroscience Methods",
    year="2018",
    volume = "309",
    number = "",
    pages = "13--24",
    doi = "10.1016/j.jneumeth.2018.08.001",
    issn = "0165-0270"
}

@INPROCEEDINGS{krol2018classvis,
    author={Krol, Laurens R and Mousavi, Mahta and de Sa, Virginia R and Zander, Thorsten O},
    booktitle={{2018 IEEE International Conference on Systems, Man, and Cybernetics (SMC)}},
    title={Towards Classifier Visualisation in {3D} Source Space},
    year={2018},
    pages={71--76},
    doi={10.1109/SMC.2018.00022}
}

@INPROCEEDINGS{krol2019saliencevalence,
    author={Krol, Laurens R and Pawlitzki, Juliane and Mousavi, Mahta and Andreessen, Lena M and Zander, Thorsten O},
    booktitle={{2019 IEEE International Conference on Systems, Man, and Cybernetics (SMC)}},
    title={Salience versus Valence in Implicit Cursor Control: First Indications of Separate Cortical Processes},
    year={2019},
    pages={3913--3918},
    issn={1062-922X},
    doi={10.1109/SMC.2019.8913936}
}

@article{krol2020cognitiveprobing,
	title = {Cognitive and affective probing: a tutorial and review of active learning for neuroadaptive technology},
	author = {Krol, Laurens R and Haselager, Pim and Zander, Thorsten O},
	journal = {Journal of Neural Engineering},
	year = 2020,
	volume = {17},
	number = {1},
	pages = {012001},
	doi = {10.1088/1741-2552/ab5bb5},
    issn = {1741-2552},
	publisher = {{IOP} Publishing}
}

@Article{lansbergen2011,
    title="{ADHD} and {EEG}-neurofeedback: a double-blind randomized placebo-controlled feasibility study",
    author="Lansbergen, M. M. and van Dongen-Boomsma, M. and Buitelaar, J. K. and Slaats-Willemse, D.",
    journal="Journal of Neural Transmission",
    year="2011",
    volume="118",
    number="2",
    pages="275--284",
    issn="1435-1463",
    doi="10.1007/s00702-010-0524-2"
}

@article {larsen2003emgaffect,
    author = {Larsen, Jeff T. and Norris, Catherine J. and Cacioppo, John T.},
    title = {Effects of positive and negative affect on electromyographic activity over zygomaticus major and corrugator supercilii},
    journal = {Psychophysiology},
    volume = {40},
    number = {5},
    publisher = {Blackwell Publishing},
    issn = {1469-8986},
    doi = {10.1111/1469-8986.00078},
    pages = {776--785},
    year = {2003}
}

@article{lawhern2018eegnet,
	title = {{EEGNet}: a compact convolutional neural network for {EEG}-based brain{\textendash}computer interfaces},
	author = {Lawhern, Vernon J and Solon, Amelia J and Waytowich, Nicholas R and Gordon, Stephen M and Hung, Chou P and Lance, Brent J},
	journal = {Journal of Neural Engineering},
	year = 2018,
	publisher = {{IOP} Publishing},
	volume = {15},
	number = {5},
	pages = {056013},
	doi = {10.1088/1741-2552/aace8c}
}

@article{lawrence2014,
    title = "Self-regulation of the anterior insula: Reinforcement learning using real-time fMRI neurofeedback",
    author = "Emma J. Lawrence and Li Su and Gareth J. Barker and Nick Medford and Jeffrey Dalton and Steve C.R. Williams and Niels Birbaumer and Ralf Veit and Sitaram Ranganatha and Jerzy Bodurka and Michael Brammer and Vincent Giampietro and Anthony S. David",
    journal = "NeuroImage",
    volume = "88",
    pages = "113--124",
    year = "2014",
    issn = "1053-8119",
    doi = "10.1016/j.neuroimage.2013.10.069"
}

@article{lee2007neuromarketing,
    title = "What is `neuromarketing'? A discussion and agenda for future research",
    journal = "International Journal of Psychophysiology",
    volume = "63",
    number = "2",
    pages = "199--204",
    year = "2007",
    issn = "0167-8760",
    doi = "http://dx.doi.org/10.1016/j.ijpsycho.2006.03.007",
    author = "Nick Lee and Amanda J. Broderick and Laura Chamberlain"
}

@INPROCEEDINGS{lehne2009tactile,
    author={M. Lehne and K. Ihme and A. M. Brouwer and J. B. F. van Erp and T. O. Zander},
    booktitle={2009 3rd International Conference on Affective Computing and Intelligent Interaction and Workshops},
    title={Error-related {EEG} patterns during tactile human-machine interaction},
    year={2009},
    pages={1--9},
    doi={10.1109/ACII.2009.5349480},
    ISSN={2156-8103},
}

@ARTICLE{lenhard2008adaptivep300,
    title={An Adaptive {P300}-Based Online Brain-Computer Interface},
    author={Lenhardt, Alexander and Kaper, Matthias and Ritter, Helge J},
    year={2008},
    journal={{IEEE Transactions on Neural Systems and Rehabilitation Engineering}},
    volume={16},
    number={2},
    pages={121--130},
    doi={10.1109/TNSRE.2007.912816}
}

@inproceedings{lindgren2018simbci,
    title = {{SimBCI} - Tool to simulate {EEG} and {BCI}},
    author = {Lindgren, Jussi T and Merlini, Adrien and Lecuyer, Anatole and Andriulli, Francesco P},
    booktitle = {{Proceedings of the 7th International Brain-Computer Interface Meeting}},
    year = {2018},
    location = {Asilomar, California, USA}
}

@article{lorenz2016automaticneuroscientist,
    title = "The Automatic Neuroscientist: A framework for optimizing experimental design with closed-loop real-time {fMRI}",
    author = "Romy Lorenz and Ricardo Pio Monti and Inês R. Violante and Christoforos Anagnostopoulos and Aldo A. Faisal and Giovanni Montana and Robert Leech",
    journal = "NeuroImage",
    volume = "129",
    pages = "320--334",
    year = "2016",
    issn = "1053-8119",
    doi = "10.1016/j.neuroimage.2016.01.032"
}

@article{lorenz2017neuroadaptivebayesian,
    title = "Neuroadaptive Bayesian Optimization and Hypothesis Testing",
    author = "Romy Lorenz and Adam Hampshire and Robert Leech",
    journal = "Trends in Cognitive Sciences",
    volume = "21",
    number = "3",
    pages = "155--167",
    year = "2017",
    issn = "1364-6613",
    doi = "10.1016/j.tics.2017.01.006"
}

@article{lotte2007classificationreview,
  TITLE = {A review of classification algorithms for {EEG}-based brain-computer interfaces},
  AUTHOR = {Lotte, Fabien and Congedo, Marco and L{\'e}cuyer, Anatole and Lamarche, Fabrice and Arnaldi, Bruno},
  JOURNAL = {{Journal of Neural Engineering}},
  PUBLISHER = {{Institute of Physics: Hybrid Open Access}},
  VOLUME = {4},
  number={2},
  PAGES = {24},
  YEAR = {2007}
}

@article{lotte2018classificationreview,
	title = {A review of classification algorithms for {EEG}-based brain{\textendash}computer interfaces: a 10 year update},
	author = {F Lotte and L Bougrain and A Cichocki and M Clerc and M Congedo and A Rakotomamonjy and F Yger},
	journal = {Journal of Neural Engineering},
	year = 2018,
	volume = {15},
	number = {3},
	pages = {031005},
	publisher = {{IOP} Publishing},
	doi = {10.1088/1741-2552/aab2f2}
}

@book{luck2014erp,
    title={{An Introduction to the Event-Related Potential Technique}},
    author={Luck, Steven J.},
    year={2014},
    edition={Second},
    publisher={MIT Press},
    address={Cambridge, MA, USA},
    isbn = {9780262525855}
}

@incollection{makeig1996,
    title={Independent component analysis of electroencephalographic data},
    author={Makeig, Scott and Jung, Tzyy-Ping and Bell, Anthony J. and Sejnowski, Terrence J.},
    year={1996},
    booktitle={Advances in Neural Information Processing Systems},
    volume={8},
    editor={Touretzky, David S. and Mozer, Michael C. and Hasselmo, Michael E.},
    publisher={MIT Press},
    address={Cambridge, MA, USA},
    pages={145-151}
}

@incollection{makeig1999,
    title={Independent Component Analysis of Simulated {ERP} Data},
    author={Makeig, S. and Jung, T. P. and Ghahremani, D. and Sejnowski, T. J.},
    year={1999},
    booktitle={Integrated Human Brain Science: Theory, Method, Applications (Music)},
    editor={Nakada, T},
    publisher={Elsevier},
    address = {New York, NY}
}

@article{makeig2004visualmanual,
    title = {Electroencephalographic Brain Dynamics Following Manually Responded Visual Targets},
    author = {Makeig, Scott AND Delorme, Arnaud AND Westerfield, Marissa AND Jung, Tzyy-Ping AND Townsend, Jeanne AND Courchesne, Eric AND Sejnowski, Terrence J},
    journal = {PLOS Biology},
    publisher = {Public Library of Science},
    year = {2004},
    volume = {2},
    number = {6},
    pages = {0747--0762},
    doi = {10.1371/journal.pbio.0020176}
}

@article{makeig2004eventdynamics,
    title = "Mining event-related brain dynamics",
    author = "Makeig, Scott and Debener, Stefan and Onton, Julie and Delorme, Arnaud",
    year = "2004",
    journal = "Trends in Cognitive Sciences",
    volume = "8",
    number = "5",
    pages = "204--210",
    issn = "1364-6613",
    doi = "http://dx.doi.org/10.1016/j.tics.2004.03.008",
}

@article{makeig2009mobi,
    title = "Linking brain, mind and behavior",
    author = "Makeig, Scott and Gramann, Klaus and Jung, Tzyy-Ping and Sejnowski, Terrence J. and Poizner, Howard",
    year = "2009",
    journal = "International Journal of Psychophysiology",
    volume = "73",
    number = "2",
    pages = "95--100",
    issn = "0167-8760",
    doi = "http://dx.doi.org/10.1016/j.ijpsycho.2008.11.008"
}

@ARTICLE{mcdowell2013realworld,
    title={Real-World Neuroimaging Technologies},
    author={McDowell, Kaleb and Lin, Chin-Teng and Oie, Kelvin S and Jung, Tzyy-Ping and Gordon, Stephen and Whitaker, Keith W and Li, Shih-Yu and Lu, Shao-Wei and Hairston, W David},
    journal={{IEEE Access}},
    year={2013},
    volume={1},
    pages={131--149},
    doi={10.1109/ACCESS.2013.2260791},
    ISSN={2169-3536}
}

@Article{mecacci2019criteria,
    author="Mecacci, Giulio and Haselager, Pim",
    title="Identifying Criteria for the Evaluation of the Implications of Brain Reading for Mental Privacy",
    journal="Science and Engineering Ethics",
    volume = "25",
    number = "2",
    pages = "443--461",
    year="2019",
    issn="1471-5546",
    doi="10.1007/s11948-017-0003-3"
}

@article{mecacci2019nta,
    title = {Five Criteria for Assessing the Implications of {NTA} Technology},
    author = {Giulio Mecacci and Pim Haselager},
    journal = "{AJOB Neuroscience}",
    volume = {10},
    number = {1},
    pages = {21--23},
    year  = {2019},
    publisher = {Taylor & Francis},
    doi = {10.1080/21507740.2019.1595781}
}

@ARTICLE{mehta2013neuroergonomicsreview,
    AUTHOR={Mehta, Ranjana and Parasuraman, Raja},
    TITLE={Neuroergonomics: a review of applications to physical and cognitive work},
    JOURNAL={Frontiers in Human Neuroscience},
    YEAR={2013},
    VOLUME={7},
    PAGES={889},
    DOI={10.3389/fnhum.2013.00889},
    ISSN={1662-5161}
}

@article{mellinger2007megbci,
    title = "An MEG-based brain–computer interface (BCI)",
    author = "Mellinger, J{\"u}rgen and Schalk, Gerwin and Braun, Christoph and Preissl, Hubert and Rosenstiel, Wolfgang and Birbaumer, Niels and K{\"u}bler, Andrea",
    journal = "NeuroImage",
    year = "2007",
    volume = "36",
    number = "3",
    pages = "581--593",
    issn = "1053-8119",
    doi = "10.1016/j.neuroimage.2007.03.019"
}

@ARTICLE{middendorf2000ssvepbci,
    author={M. Middendorf and G. McMillan and G. Calhoun and K. S. Jones},
    journal={{IEEE Transactions on Rehabilitation Engineering}},
    title={Brain-computer interfaces based on the steady-state visual-evoked response},
    year={2000},
    volume={8},
    number={2},
    pages={211--214},
    doi={10.1109/86.847819},
    ISSN={1063-6528}
}

@article{miltner1997,
    title = {{Event-Related Brain Potentials Following Incorrect Feedback in a Time-Estimation Task: Evidence for a ``Generic'' Neural System for Error Detection}},
    author = {Miltner, Wolfgang H. R. and Braun, Christoph H. and Coles, Michael G. H.},
    year = {1997},
    pages = {788--798},
    volume = {9},
    number = {6},
    journal = {Journal of Cognitive Neuroscience}
}

@incollection{miltner2004,
    title={Parallel brain activity for self-generated and observed errors},
    author={Miltner, Wolfang H. R. and Brauer, Jens and Hecht, Holger and Trippe, Ralf and Coles, Michael G. H.},
    year={2004},
    booktitle={Errors, Conflicts, and the Brain. Current Opinions on Performance Monitoring},
    editor={Ullsperger, Markus and Falkenstein, Michael},
    publisher={{MPI of Cognitive Neuroscience}},
    address = {Leipzig, Germany},
    pages={124--129},
}

@misc{miyakoshi2013dipdens,
    title = {{dipoleDensity}},
    author = {Miyakoshi, Makoto},
    year = 2003,
    url = {http://sccn.ucsd.edu/wiki/Plugin\_list\_process},
    urldate = {2014-04-25}
}

@misc{miyakoshi2017fullrankaveref,
    title = {{fullRankAveRef}},
    author = {Miyakoshi, Makoto},
    year = 2017,
    url = {http://sccn.ucsd.edu/wiki/Plugin\_list\_process},
    urldate = {2020-04-15}
}

@article{mladenovic2019activeinference,
	title={Active inference as a unifying, generic and adaptive framework for a {P}300-based {BCI}},
	author={Mladenovic, Jelena and Frey, J\'er\'emy and Joffily, Mateus and Maby, Emmanuel and Lotte, Fabien and Mattout, Jeremie},
	journal={Journal of Neural Engineering},
	year={2019},
	doi={10.1088/1741-2552/ab5d5c}
}

@ARTICLE{moses2019fbspeech,
    title={Real-time decoding of question-and-answer speech dialogue using human cortical activity},
    author={Moses, David A. and Leonard, Matthew K. and Makin, Joseph G. and Chang, Edward F.},
    journal={Nature Communications},
    year={2019},
    volume={10},
    number={1},
    pages={3096},
    doi={10.1038/s41467-019-10994-4}
}

@article{mousavi2017mi,
    author = {Mousavi, Mahta and Koerner, Adam S. and Zhang, Qiong and Noh, Eunho and de Sa, Virginia R.},
    title = {Improving motor imagery {BCI} with user response to feedback},
    journal = {Brain-Computer Interfaces},
    volume = {4},
    number = {1--2},
    pages = {74--86},
    year  = {2017},
    publisher = {Taylor & Francis},
    doi = {10.1080/2326263X.2017.1303253}
}

@INPROCEEDINGS{mousavi2017training,
    title={Towards elaborated feedback for training motor imagery brain computer interfaces},
    author={Mousavi, Mahta and de Sa, Virginia R},
    booktitle={Proceedings of the 7th Graz Brain-Computer Interface Conference 2017},
    year={2017},
    pages={332--337},
    doi={10.3217/978-3-85125-533-1-61},
    isbn = {978-3-85125-533-1},
    issn = {2311-0422}
}

@article{mousavi2019error,
    author = {Mousavi, Mahta and de Sa, Virginia R.},
    title = {Spatio-temporal analysis of error-related brain activity in active and passive brain-computer interfaces},
    journal = {Brain-Computer Interfaces},
    volume = {6},
    number = {4},
    pages = {118--127},
    year  = {2019},
    publisher = {Taylor & Francis},
    doi = {10.1080/2326263X.2019.1671040}
}

@ARTICLE{mugler2010p300browser,
    title={Design and Implementation of a {P}300-Based Brain-Computer Interface for Controlling an Internet Browser}, 
    author={Mugler, Emily M and Ruf, Carolin A and Halder, Sebastian and Bensch, Michael and K{\"u}bler, Andrea},
    journal={IEEE Transactions on Neural Systems and Rehabilitation Engineering}, 
    year={2010},
    volume={18},
    number={6},
    pages={599--609},
    ISSN={1558-0210},
    doi = {10.1109/TNSRE.2010.2068059}
}

@article{muhl2014crosscontextworkload,
    title={{EEG}-based workload estimation across affective contexts},
    author={M{\"u}hl, Christian and Jeunet, Camille and Lotte, Fabien},
    year={2014},
    JOURNAL={Frontiers in Neuroscience},
    VOLUME={8},
    PAGES={114},
    DOI={10.3389/fnins.2014.00114},
    ISSN={1662-453X}
}

@ARTICLE{mullen2015dry,
    title={Real-time neuroimaging and cognitive monitoring using wearable dry {EEG}},
    author={Mullen, Tim R and Kothe, Christian A E and Chi, Yu M and Ojeda, Alejandro and Kerth, Trevor and Makeig, Scott and Jung, Tzyy-Ping and Cauwenberghs, Gert},
    journal={{IEEE Transactions on Biomedical Engineering}},
    year={2015},
    volume={62},
    number={11},
    pages={2553--2567},
    doi={10.1109/TBME.2015.2481482},
    ISSN={0018-9294}
}

@article{muller2008,
    title={{Machine learning for real-time single-trial EEG-analysis: From brain-computer interfacing to mental state monitoring}},
    author={M{\"u}ller, Klaus-Robert and Tangermann, Michael and Dornhege, Guido and Krauledat, Matthias and Curio, Gabriel and Blankertz, Benjamin},
    journal={{Journal of Neuroscience Methods}},
    volume={167},
    number={1},
    pages={82--90},
    year={2008},
    publisher={Elsevier}
}

@ARTICLE{mullerputz2008ssvepprosthesis,
    author={M\"uller-Putz, Gernot R and Pfurtscheller, Gert},
    journal={{IEEE} Transactions on Biomedical Engineering},
    title={Control of an Electrical Prosthesis With an {SSVEP}-Based {BCI}},
    year={2008},
    volume={55},
    number={1},
    pages={361--364},
    ISSN={0018-9294}
}

@ARTICLE{mullerputz2008random,
    title={Better than random? {A} closer look on {BCI} results},
    author={M\"uller-Putz, Gernot R and Scherer, Reinhold and Brunner, Clemens and Leeb, Robert and Pfurtscheller, Gert},
    journal={International Journal of Bioelectromagnetism},
    year={2008},
    volume={10},
    number={1},
    pages={52--55}
}

@ARTICLE{muenssinger2010brainpainting,
    TITLE={Brain Painting: First Evaluation of a New Brain-Computer Interface Application with {ALS}-Patients and Healthy Volunteers},
    AUTHOR={M{\"u}n{\ss}inger, Jana I. and Halder, Sebastian and Kleih, Sonja and Furdea, Adrian and Raco, Valerio and Hoesle, Adi and K{\"u}bler, Andrea},
    JOURNAL={Frontiers in Neuroscience},
    YEAR={2010},
    VOLUME={4},
    PAGES={182},
    DOI={10.3389/fnins.2010.00182},
    ISSN={1662-453X},
}

@article {musk2019,
	author = {Musk, Elon and Neuralink},
	title = {An integrated brain-machine interface platform with thousands of channels},
	elocation-id = {703801},
	year = {2019},
	doi = {10.1101/703801},
	publisher = {Cold Spring Harbor Laboratory},
	journal = {bioRxiv}
}

@article{naatanen2007,
    title = "The mismatch negativity ({MMN}) in basic research of central auditory processing: {A} review",
    author = "N{\"a}{\"a}t{\"a}nen, Risto and Paavilainen, Petri and Rinne, Teemu and Alho, Kimmo",
    journal = {{Clinical Neurophysiology}},
    volume = "118",
    number = "12",
    pages = "2544--2590",
    year = "2007",
    issn = "1388-2457",
    doi = "10.1016/j.clinph.2007.04.026"
}

@InProceedings{negri2014subliminal,
    title="A Review of the Research on Subliminal Techniques for Implicit Interaction in Symbiotic Systems",
    author="Negri, Paolo and Gamberini, Luciano and Cutini, Simone",
    editor="Jacucci, Giulio and Gamberini, Luciano and Freeman, Jonathan and Spagnolli, Anna",
    booktitle="Symbiotic Interaction",
    year="2014",
    publisher="Springer International Publishing",
    address="Cham, Switzerland",
    pages="47--58",
    isbn="978-3-319-13500-7",
    doi="10.1007/978-3-319-13500-7\_4"
}

@article{nieuwenhuis2003conflictn2,
    title = {Electrophysiological correlates of anterior cingulate function in a go/no-go task: Effects of response conflict and trial type frequency},
    author = {Nieuwenhuis, Sander and Yeung, Nick and van den Wildenberg, Wery and Ridderinkhof, K. Richard},
    journal = {Cognitive, Affective, \& Behavioral Neuroscience},
    year = {2003},
    volume = {3},
    number = {1},
    pages = {17--26},
    issn = {1531-135X},
    doi = {10.3758/CABN.3.1.17}
}

@article{nieuwenhuis2004rlern,
    title = "Reinforcement-related brain potentials from medial frontal cortex: origins and functional significance",
    author = "Nieuwenhuis, Sander and Holroyd, Clay B and Mol, Nisan and Coles, Michael G H",
    journal = "Neuroscience \& Biobehavioral Reviews",
    volume = "28",
    number = "4",
    pages = "441--448",
    year = "2004",
    issn = "0149-7634",
    doi = "10.1016/j.neubiorev.2004.05.003"
}

@article{nijboer2013asilomarsurvey,
    title = {The {A}silomar {S}urvey: Stakeholders' Opinions on Ethical Issues Related to Brain-Computer Interfacing},
    author = {Nijboer, Femke and Clausen, Jens and Allison, Brendan Z. and Haselager, Pim and},
    year = {2013},
    journal = {Neuroethics},
    pages = {541--578},
    volume = {6},
    number = {3},
    issn = {1874-5504},
    doi = {10.1007/s12152-011-9132-6}
}

@inproceedings{noh2014dimred,
    author="E. Noh and V.R. de Sa",
    year=2014,
    title="Discriminative Dimensionality Reduction for Analyzing {EEG} Data",
    booktitle="Proceedings of the 36th Annual Meeting of the Cognitive Science Society",
    pages="1090-1095"
}

@BOOK{nunez2006eegneurophysics,
    TITLE     = {Electric fields of the brain: the neurophysics of {EEG}},
    AUTHOR    = {Nunez, Paul L and Srinivasan, Ramesh},
    PUBLISHER = {Oxford University Press},
    YEAR      = {2006},
    Address   = {New York, NY, USA}
}

@article{oliveira2016phantomhead,
    title={Induction and separation of motion artifacts in {EEG} data using a mobile phantom head device},
    author={Anderson S Oliveira and Bryan R Schlink and W David Hairston and Peter König and Daniel P Ferris},
    journal={Journal of Neural Engineering},
    volume={13},
    number={3},
    pages={036014},
    doi = {10.1088/1741-2560/13/3/036014},
  year={2016}
}

@article{oostenveld2001fivepercent,
    author = "Robert Oostenveld and Peter Praamstra",
    title = "The five percent electrode system for high-resolution {EEG} and {ERP} measurements",
    journal = "Clinical Neurophysiology",
    volume = "112",
    number = "4",
    pages = "713--719",
    year = "2001",
    issn = "1388-2457",
    doi = "10.1016/S1388-2457(00)00527-7"
}

@misc{oostenveld2003dipfit,
    title = {{DIPFIT 2.x}},
    author = {Oostenveld, Robert and Delorme, Arnaud},
    year = 2003,
    url = {http://sccn.ucsd.edu/eeglab/plugins},
    urldate = {2014-04-25}
}

@article{oostenveld2011fieldtrip,
    author = {Oostenveld, Robert and Fries, Pascal and Maris, Eric and Schoffelen, Jan-Mathijs},
    title = {{FieldTrip}: Open Source Software for Advanced Analysis of {MEG}, {EEG}, and Invasive Electrophysiological Data},
    journal = {Computational Intelligence and Neuroscience},
    volume = {2011},
    year = {2011},
    issn = {1687-5265},
    pages = {1:1--1:9},
    articleno = {1},
    numpages = {9},
    doi = {10.1155/2011/156869},
    acmid = {1945411},
    publisher = {Hindawi Publishing Corp.},
    address = {New York, NY}
}

@book{oppenheim2010dsp,
    title={Discrete-Time Signal Processing},
    author={Oppenheim, Alan V and Schafer, Ronald W},
    year={2010},
    edition={3rd},
    publisher={Pearson},
    address={London, UK},
    isbn = {9780131988422}
}

@misc{palmer2012amica,
    title = {{AMICA---Adaptive Mixture ICA}},
    author = {Palmer, Jason},
    year = 2012,
    url = {https://sccn.ucsd.edu/{\textasciitilde}jason/amica\_web.html},
    urldate = {2014-04-25}
}

@ARTICLE{pan2010transferlearning,
    title={A Survey on Transfer Learning},
    author={Pan, S. J. and Yang, Q.},
    journal={IEEE Transactions on Knowledge and Data Engineering},
    year={2010},
    volume={22},
    number={10},
    pages={1345--1359},
    doi={10.1109/TKDE.2009.191},
    ISSN={1558-2191}
}

@ARTICLE{parasuraman2000taloa,
    author={Parasuraman, Raja and Sheridan, Thomas B and Wickens, Christopher D},
    journal={{IEEE} Transactions on Systems, Man, and Cybernetics - Part {A}: Systems and Humans},
    title={A model for types and levels of human interaction with automation},
    year={2000},
    volume={30},
    number={3},
    pages={286--297},
    doi={10.1109/3468.844354},
    ISSN={1083-4427}
}

@article{parasuraman2003neuroergonomics,
    author = {Raja Parasuraman},
    title = {Neuroergonomics: Research and practice},
    journal = {Theoretical Issues in Ergonomics Science},
    volume = {4},
    number = {1--2},
    pages = {5--20},
    year = {2003},
    doi = {10.1080/14639220210199753}
}

@BOOK{parasuraman2007neuroergonomics,
    TITLE     = {Neuroergonomics: the brain at work},
    AUTHOR    = {Parasuraman, Raja and Rizzo, Matthew},
    PUBLISHER = {Oxford University Press},
    YEAR      = {2007},
    Address   = {Oxford, UK}
}

@article{parmentier2011distraction,
    title = "Why are auditory novels distracting? {Contrasting} the roles of novelty, violation of expectation and stimulus change",
    author = "Parmentier, Fabrice B.R. and Elsley, Jane V. and Andr\'es, Pilar and Barcel\'o, Francisco",
    year = "2011",
    journal = "Cognition",
    volume = "119",
    number = "3",
    pages = "374--380",
    issn = "0010-0277",
    doi = "10.1016/j.cognition.2011.02.001"
}

@ARTICLE{parra2003,
    title={Response error correction---A demonstration of improved human-machine performance using real-time {EEG} monitoring},
    author={Parra, Lucas C. and Spence, Clay D. and Gerson, Adam D. and Sajda, Paul},
    journal={{IEEE Transactions on Neural Systems and Rehabilitation Engineering}},
    year={2003},
    volume={11},
    number={2},
    pages={173--177},
    ISSN={1534-4320}
}

@inproceedings{peck2013brainrecommender,
    title = {Investigation of {fNIRS} Brain Sensing as Input to Information Filtering Systems},
    author = {Peck, Evan M. and Afergan, Daniel and Jacob, Robert J. K.},
    year = {2013},
    booktitle = {Proceedings of the 4th Augmented Human International Conference},
    pages = {142--149},
    numpages = {8},
    location = {Stuttgart, Germany},
    series = {AH ’13},
    isbn = {9781450319041},
    publisher = {Association for Computing Machinery},
    address = {New York, NY, USA},
    doi = {10.1145/2459236.2459261}
}

@ARTICLE{perera2014contextsurvey,
    author={Charith Perera and Arkady Zaslavsky and Peter Christen and Dimitrios Georgakopoulos},
    journal={{IEEE Communications Surveys Tutorials}},
    title={Context Aware Computing for The Internet of Things: A Survey},
    year={2014},
    volume={16},
    number={1},
    pages={414--454},
    doi={10.1109/SURV.2013.042313.00197},
    ISSN={1553-877X}
}

@article{pernet2011limo,
    author = {Pernet, Cyril R. and Chauveau, Nicolas and Gaspar, Carl and Rousselet, Guillaume A.},
    title = {{LIMO EEG}: A Toolbox for Hierarchical Linear Modeling of Electroencephalographic Data},
    journal = {Computational Intelligence and Neuroscience},
    volume = {2011},
    year = {2011},
    issn = {1687-5265},
    pages = {3:1--3:11},
    articleno = {3},
    numpages = {11},
    doi = {10.1155/2011/831409},
    acmid = {1972604},
    publisher = {Hindawi Publishing Corp.},
    address = {New York, NY, United States}
}

@ARTICLE{pfurtscheller2001motorimagery,
    title={Motor imagery and direct brain-computer communication},
    author={Pfurtscheller, Gert and Neuper, Christa},
    journal={Proceedings of the IEEE},
    year={2001},
    volume={89},
    number={7},
    pages={1123--1134},
    doi={10.1109/5.939829},
    ISSN={0018-9219}
}

@article{piontonachini2019iclabel,
    title = "{ICLabel}: An automated electroencephalographic independent component classifier, dataset, and website",
    author = "Luca Pion-Tonachini and Ken Kreutz-Delgado and Scott Makeig",
    journal = "NeuroImage",
    year = "2019",
    issn = "1053--8119",
    doi = "10.1016/j.neuroimage.2019.05.026"
}

@article{polich2007p300,
    title = {{Updating P300: An integrative theory of P3a and P3b}},
    author = "Polich, John",
    journal = {{Clinical Neurophysiology}},
    volume = "118",
    number = "10",
    pages = "2128--2148",
    year = "2007",
    note = "",
    issn = "1388-2457",
    doi = "10.1016/j.clinph.2007.04.019"
}

@article{pope1995biocybernetic,
    title = "Biocybernetic system evaluates indices of operator engagement in automated task",
    author = "Alan T Pope and Edward H Bogart and Debbie S Bartolome",
    year = "1995",
    journal = "Biological Psychology",
    volume = "40",
    number = "1",
    pages = "187--195",
    issn = "0301-0511",
    doi = "10.1016/0301-0511(95)05116-3"
}

@INPROCEEDINGS{potter2002icaecg,
    title={Separation performance of {ICA} on simulated {EEG} and {ECG} signals contaminated by noise},
    author={M. Potter and N. Gadhok and W. Kinsner},
    booktitle={{IEEE CCECE2002. Canadian Conference on Electrical and Computer Engineering. Conference Proceedings (Cat. No.02CH37373)}},
    year={2002},
    volume={2},
    number={},
    pages={1099--1104},
    doi={10.1109/CCECE.2002.1013100},
    ISSN={0840-7789}
}

@incollection{pratt2011sensoryerp,
    title={Sensory {ERP} Components},
    author={Pratt, Hillel},
    booktitle={Oxford Handbook of Event-Related Potential Components},
    editor = {Luck, Steven J. and Kappenman, Emily S.},
    pages={89--114},
    year={2011},
    publisher={Oxford University Press},
    address={New York, NY},
    doi = {10.1093/oxfordhb/9780195374148.013.0050}
}

@BOOK{preece2015id,
    TITLE     = {{Interaction Design: Beyond Human-Computer Interaction}},
    AUTHOR    = {Preece, Jenny and Sharp, Helen and Rogers, Yvonne},
    edition   = {4th},
    PUBLISHER = {Wiley},
    YEAR      = {2015},
    Address   = {Chichester, UK}
}

@incollection{protzak2013gazebased,
    title={A Passive Brain-Computer Interface for Supporting Gaze-Based Human-Machine Interaction},
    author={Protzak, Janna and Ihme, Klas and Zander, Thorsten O},
    year={2013},
    isbn={978-3-642-39187-3},
    booktitle={{Universal Access in Human-Computer Interaction. Design Methods, Tools, and Interaction Techniques for eInclusion}},
    volume={8009},
    series={Lecture Notes in Computer Science},
    editor={Stephanidis, Constantine and Antona, Margherita},
    publisher={Springer},
    address={Berlin Heidelberg, Germany},
    pages={662--671},
    doi = {10.1007/978-3-642-39188-0\_71}
}

@article{radford2019language,
    title={Language Models are Unsupervised Multitask Learners},
    author={Radford, Alec and Wu, Jeff and Child, Rewon and Luan, David and Amodei, Dario and Sutskever, Ilya},
    year={2019}
}

@inproceedings{ramchurn2019brainfilm,
    title = {From Director's Cut to User's Cut: To Watch a Brain-Controlled Film is to Edit It},
    author = {Ramchurn, Richard and Martindale, Sarah and Wilson, Max L. and Benford, Steve},
    booktitle = {{Proceedings of the 2019 CHI Conference on Human Factors in Computing Systems}},
    series = {CHI '19},
    year = {2019},
    isbn = {978-1-4503-5970-2},
    location = {Glasgow, Scotland Uk},
    pages = {148:1--148:14},
    articleno = {148},
    numpages = {14},
    doi = {10.1145/3290605.3300378},
    acmid = {3300378},
    publisher = {ACM},
    address = {New York, NY, USA}
}

@ARTICLE{ramoser2000,
    title={Optimal spatial filtering of single trial {EEG} during imagined hand movement},
    author={Ramoser, Herbert and M{\"u}ller-Gerking, Johannes and Pfurtscheller, Gert},
    journal={{IEEE Transactions on Rehabilitation Engineering}},
    year={2000},
    volume={8},
    number={4},
    pages={441--446},
    ISSN={1063-6528}
}

@book{reason1990humanerror,
    title={Human Error},
    author={Reason, James},
    year={1990},
    publisher={Cambridge University Press},
    address={Cambridge, UK}
}

@Article{rezeika2018bcispellerreview,
    AUTHOR = {Rezeika, Aya and Benda, Mihaly and Stawicki, Piotr and Gembler, Felix and Saboor, Abdul and Volosyak, Ivan},
    TITLE = {Brain-Computer Interface Spellers: A Review},
    JOURNAL = {Brain Sciences},
    VOLUME = {8},
    YEAR = {2018},
    NUMBER = {4},
    ARTICLE-NUMBER = {57},
    PubMedID = {29601538},
    ISSN = {2076-3425},
    DOI = {10.3390/brainsci8040057}
}

@article{roelfsema2018mindreadingwriting,
    title = "Mind Reading and Writing: The Future of Neurotechnology",
    author = "Roelfsema, Pieter R. and Denys, Damiaan and Klink, P. Christiaan",
    year = "2018",
    journal = "Trends in Cognitive Sciences",
    volume = "22",
    number = "7",
    pages = "598--610",
    issn = "1364-6613",
    doi = "10.1016/j.tics.2018.04.001"
}

@BOOK{rogers2011,
    TITLE     = {{Interaction Design: Beyond Human-Computer Interaction}},
    AUTHOR    = {Rogers, Yvonne and Sharp, Helen and Preece, Jenny},
    edition   = {3rd},
    PUBLISHER = {Wiley},
    YEAR      = {2011},
    Address   = {Chichester, UK}
}

@INPROCEEDINGS{romovazquez2007eog,
    title={{EEG} Ocular Artefacts and Noise Removal},
    author={R. Romo-Vazquez and R. Ranta and V. Louis-Dorr and D. Maquin},
    booktitle={{2007 29th Annual International Conference of the IEEE Engineering in Medicine and Biology Society}},
    year={2007},
    volume={},
    number={},
    pages={5445--5448},
    doi={10.1109/IEMBS.2007.4353577},
    ISSN={1094-687X}
}

@inproceedings{rosa2018dream,
    title = {{D~2002-033: The Dream of a Lifetime}},
    author = {Rosa, Keno Don},
    booktitle = {{The Don Rosa Library, Vol. 10}},
    editor = {Gerstein, David},
    year = {2018},
    pages = {13},
    publisher = {Fantagraphics},
    address = {Seattle, WA, USA},
    isbn = {9781683961345}
}

@article{rosenfeld1988erpgkt,
    title = "A modified, event-related potential-based guilty knowledge test",
    author = "Rosenfeld, J Peter and Cantwell, Bradley and Nasman, Victoria T and Wojdac, Valerie and Ivanov, Suzana and Mazzeri, Lisa",
    journal = "International Journal of Neuroscience",
    volume = "42",
    number = "1--2",
    pages = "157--161",
    year = "1988",
    doi = "10.3109/00207458808985770"
}

@incollection{rotting2009implicit,
    title={Implicit Interaction in Multimodal Human-Machine Systems},
    author={R{\"o}tting, Matthias and Zander, Thorsten O and Tr{\"o}sterer, Sandra and Dzaack, Jeronimo},
    year={2009},
    isbn={978-3-642-01292-1},
    booktitle={Industrial Engineering and Ergonomics},
    editor={Schlick, Christopher M.},
    publisher={Springer},
    address={Berlin Heidelberg, Germany},
    pages={523--536}
}

@article{sambrook2015rewardprediction,
    title = {A neural reward prediction error revealed by a meta-analysis of {ERP}s using great grand averages},
    author = {Sambrook, Thomas D and Goslin, Jeremy},
    journal = {Psychological Bulletin},
    volume = {141},
    number = {1},
    doi = {10.1037/bul0000006},
    pages = {213--235},
    year = {2015}
}

@article{schie2004,
    title   =   {Modulation of activity in medial frontal and motor cortices during error observation},
    author  =   {Van Schie, Hein T. and Mars, Rogier B. and Coles, Michael G. H. and Bekkering, Harold},
    year = "2004",
    journal =   {{Nature Neuroscience}},
    volume = "7",
    number = "5",
    pages = "549--554",
}

@ARTICLE{schmidt2000,
    title = {Implicit human computer interaction through context},
    author = {Schmidt, Albrecht},
    journal = {{Personal and Ubiquitous Computing}},
    year = {2000},
    volume = {4},
    pages = {191--199},
    number = {2-3},
    publisher = {Springer},
    doi = {10.1007/BF01324126}
}

@article{schreuder2013dynamicstopping,
	title = {Optimizing event-related potential based brain{\textendash}computer interfaces: a systematic evaluation of dynamic stopping methods},
	author = {Schreuder, Martijn and H\"ohne, Johannes and Blankertz, Benjamin and Haufe, Stefan and Dickhaus, Thorsten and Tangermann, Michael},
	journal = {Journal of Neural Engineering},
	year = 2013,
	publisher = {{IOP} Publishing},
	volume = {10},
	number = {3},
	pages = {036025},
	doi = {10.1088/1741-2560/10/3/036025}
}

@inproceedings{schultheis2004textdifficulty,
    author="Schultheis, Holger and Jameson, Anthony",
    editor="De Bra, Paul M. E. and Nejdl, Wolfgang",
    title="Assessing Cognitive Load in Adaptive Hypermedia Systems: Physiological and Behavioral Methods",
    bookTitle="Adaptive Hypermedia and Adaptive Web-Based Systems",
    year="2004",
    publisher="Springer",
    address="Berlin Heidelberg",
    pages="225--234",
    isbn="978-3-540-27780-4",
    doi="10.1007/978-3-540-27780-4\_26"
}

@article{schultzekraft2016veto,
    author = {Schultze-Kraft, Matthias and Birman, Daniel and Rusconi, Marco and Allefeld, Carsten and G\"orgen, Kai and D\"ahne, Sven and Blankertz, Benjamin and Haynes, John-Dylan},
    title = {The point of no return in vetoing self-initiated movements},
    volume = {113},
    number = {4},
    pages = {1080--1085},
    year = {2016},
    doi = {10.1073/pnas.1513569112},
    journal = {Proceedings of the National Academy of Sciences}
}

@Article{senden2019mentalimagery,
    author="Senden, Mario and Emmerling, Thomas C. and van Hoof, Rick and Frost, Martin A. and Goebel, Rainer",
    title="Reconstructing imagined letters from early visual cortex reveals tight topographic correspondence between visual mental imagery and perception",
    journal="Brain Structure and Function",
    year="2019",
    volume = "224",
    number = "3",
    pages = "1167--1183",
    issn="1863-2661",
    doi="10.1007/s00429-019-01828-6"
}

@article{sententia2004cognitiveliberty,
    title = {Neuroethical Considerations: Cognitive Liberty and Converging Technologies for Improving Human Cognition},
    author = {Sententia, Wrye},
    year = {2004},
    journal = {Annals of the New York Academy of Sciences},
    volume = {1013},
    number = {1},
    pages = {221--228},
    doi = {10.1196/annals.1305.014}
}

@techreport{settles2009activelearning,
    Author = {Burr Settles},
    Institution = {University of Wisconsin--Madison},
    Number = {1648},
    Title = {Active Learning Literature Survey},
    Type = {Computer Sciences Technical Report},
    Year = {2009},
    address = {Madison, WI, USA}
}

@article{shenoy2006adaptiveclassification,
	title = {Towards adaptive classification for {BCI}},
	author = {Shenoy, Pradeep and Krauledat, Matthias and Blankertz, Benjamin and Rao, Rajesh P N and M{\"u}ller, Klaus-Robert},
	journal = {Journal of Neural Engineering},
	year = 2006,
	publisher = {{IOP} Publishing},
	volume = {3},
	number = {1},
	pages = {R13--R23},
	doi = {10.1088/1741-2560/3/1/r02}
}

@ARTICLE{shishkin2016wishmouse,
    AUTHOR={Shishkin, Sergei L. and Nuzhdin, Yuri O. and Svirin, Evgeny P. and Trofimov, Alexander G. and Fedorova, Anastasia A. and Kozyrskiy, Bogdan L. and Velichkovsky, Boris M.},
    TITLE={{EEG} Negativity in Fixations Used for Gaze-Based Control: Toward Converting Intentions into Actions with an Eye-Brain-Computer Interface},
    JOURNAL={Frontiers in Neuroscience},
    VOLUME={10},
    PAGES={528},
    YEAR={2016},
    DOI={10.3389/fnins.2016.00528},
    ISSN={1662-453X}
}

@Article{silfverhuth2012connectivity,
    author="Silfverhuth, Minna J. and Hintsala, Heidi and Kortelainen, Jukka and Sepp{\"a}nen, Tapio",
    title="Experimental comparison of connectivity measures with simulated EEG signals",
    journal="Medical {\&} Biological Engineering {\&} Computing",
    year="2012",
    volume="50",
    number="7",
    pages="683--688",
    issn="1741-0444",
    doi="10.1007/s11517-012-0911-y"
}

@article{silk2010spatialwmattention,
    title = "Spatial working memory and spatial attention rely on common neural processes in the intraparietal sulcus",
    author = "Silk, Timothy J. and Bellgrove, Mark A. and Wrafter, Pia and Mattingley, Jason B. and Cunnington, Ross",
    year = "2010",
    journal = "NeuroImage",
    volume = "53",
    number = "2",
    pages = "718--724",
    issn = "1053-8119",
    doi = "10.1016/j.neuroimage.2010.06.068"
}

@article{sirevaag1989p300resource,
    title = "Resource reciprocity: An event-related brain potentials analysis",
    author = "Erik J. Sirevaag and Arthur F. Kramer and Michael G.H. Coles and Emanuel Donchin",
    journal = "Acta Psychologica",
    volume = "70",
    number = "1",
    pages = "77--97",
    year = "1989",
    issn = "0001-6918",
    doi = "10.1016/0001-6918(89)90061-9"
}

@incollection{snoek2012bayesianoptimization,
    title = {Practical Bayesian Optimization of Machine Learning Algorithms},
    author = {Snoek, Jasper and Larochelle, Hugo and Adams, Ryan P},
    booktitle = {{Advances in Neural Information Processing Systems 25}},
    editor = {F. Pereira and C. J. C. Burges and L. Bottou and K. Q. Weinberger},
    pages = {2951--2959},
    year = {2012},
    publisher = {Curran Associates},
    address = {Red Hook, NY, USA}
}

@article {soekadar2016exoskeleton,
	author = {Soekadar, S. R. and Witkowski, M. and G\'omez, C. and Opisso, E. and Medina, J. and Cortese, M. and Cempini, M. and Carrozza, M. C. and Cohen, L. G. and Birbaumer, N. and Vitiello, N.},
	title = {Hybrid {EEG/EOG}-based brain/neural hand exoskeleton restores fully independent daily living activities after quadriplegia},
	volume = {1},
	number = {1},
	year = {2016},
	doi = {10.1126/scirobotics.aag3296},
	publisher = {Science Robotics},
	journal = {Science Robotics}
}

@inproceedings{solovey2012brainput,
    title = {Brainput: Enhancing Interactive Systems with Streaming {fNIRS} Brain Input},
    author = {Solovey, Erin and Schermerhorn, Paul and Scheutz, Matthias and Sassaroli, Angelo and Fantini, Sergio and Jacob, Robert},
    booktitle = {Proceedings of the {SIGCHI} Conference on Human Factors in Computing Systems},
    series = {CHI '12},
    year = {2012},
    isbn = {978-1-4503-1015-4},
    location = {Austin, Texas, USA},
    pages = {2193--2202},
    numpages = {10},
    doi = {10.1145/2207676.2208372},
    acmid = {2208372},
    publisher = {ACM},
    address = {New York, NY, USA}
}

@article{song2013phm,
    title = {Anatomically Accurate Head Models and Their Derivatives for Dense Array {EEG} Source Localization},
    author = {Jasmine Song and Kyle Morgan and Sergei Turovets and Kai Li and Colin Davey and Pavel Govyadinov and Phan Luu and Kirk Smith and Fred Prior and Linda Larson-Prior and Don M. Tucker},
    journal = {Functional Neurology, Rehabilitation, and Ergonomics},
    year = {2013},
    volume = {3},
    number = {2--3},
    pages = {275--293},
    issn = {2156-941X}
}

@article{stam2007,
    title = {Phase lag index: Assessment of functional connectivity from multi channel {EEG} and {MEG} with diminished bias from common sources},
    author = {Stam, Cornelis J. and Nolte, Guido and Daffertshofer, Andreas},
    journal = {Human Brain Mapping},
    volume = {28},
    number = {11},
    publisher = {Wiley},
    issn = {1097-0193},
    doi = {10.1002/hbm.20346},
    pages = {1178--1193},
    year = {2007}
}

@book{suchman1987hmcproblems,
    title={Plans and situated actions: the problem of human-machine communication},
    author={Suchman, Lucy A},
    year={1987},
    address={Cambridge, UK},
    publisher={Cambridge University Press},
    isbn = {0-521-33137-4}
}

@book{sutton1998reinforcementlearning,
    title={Reinforcement Learning: An Introduction},
    author={Sutton, Richard S and Barto, Andrew G},
    year={1998},
    publisher={MIT Press},
    address={Cambridge, MA, USA},
    isbn={9780262193986}
}

@book{tesla1993fantastic,
    title={The Fantastic Inventions of {N}ikola {T}esla},
    author={Tesla, Nikola and Childress, David H},
    year={1993},
    publisher={Adventures Unlimited Stelle},
    address={Kempton, IL, US}
}

@article{treder2011gazeindepbci,
    title={Gaze-independent brain-computer interfaces based on covert attention and feature attention},
    author={Treder, Matthias S and Schmidt, Nico M and Blankertz, Benjamin},
    journal={Journal of Neural Engineering},
    volume={8},
    number={6},
    pages={066003},
    year={2011},
    doi = {10.1088/1741-2560/8/6/066003}
}

@BOOK{tufte1990,
    TITLE     = {{Envisioning Information}},
    AUTHOR    = {Tufte, Edward R.},
    PUBLISHER = {Graphics Press},
    YEAR      = {1990},
    Address   = {Cheshire, CT},
    isbn = {1930824149}
}

@article{vanerp2012beyondmedical,
    TITLE = {{Brain-Computer Interfaces: Beyond Medical Applications}},
    AUTHOR = {van Erp, Jan B.F. and Lotte, Fabien and Tangermann, Michael},
    JOURNAL = {Computer},
    PUBLISHER = {{IEEE} Computer Society},
    VOLUME = {45},
    NUMBER = {4},
    PAGES = {26-34},
    YEAR = {2012},
    DOI = {10.1109/MC.2012.107}
}

@ARTICLE{vandelaar2013wow,
    author={B. van de Laar and H. G\"urk\"ok and D. Plass-Oude Bos and M. Poel and A. Nijholt},
    journal={{IEEE} Transactions on Computational Intelligence and {AI} in Games},
    title={Experiencing {BCI} Control in a Popular Computer Game},
    year={2013},
    volume={5},
    number={2},
    pages={176--184},
    doi={10.1109/TCIAIG.2013.2253778},
    ISSN={1943-068X}
}

@article{vansteensel2016alsimplant,
    title = {Fully Implanted Brain–Computer Interface in a Locked-In Patient with {ALS}},
    author = {Vansteensel, Mariska J. and Pels, Elmar G.M. and Bleichner, Martin G. and Branco, Mariana P. and Denison, Timothy and Freudenburg, Zachary V. and Gosselaar, Peter and Leinders, Sacha and Ottens, Thomas H. and Van Den Boom, Max A. and Van Rijen, Peter C. and Aarnoutse, Erik J. and Ramsey, Nick F.},
    journal = {New England Journal of Medicine},
    volume = {375},
    number = {21},
    pages = {2060--2066},
    year = {2016},
    doi = {10.1056/NEJMoa1608085}
}

@article{vecchiato2011eegmegmarketing,
    author = {Vecchiato, Giovanni and Astolfi, Laura and De Vico Fallani, Fabrizio and Toppi, Jlenia and Aloise, Fabio and Bez, Francesco and Wei, Daming and Kong, Wanzeng and Dai, Jounging and Cincotti, Febo and Mattia, Donatella and Babiloni, Fabio},
    title = {On the Use of {EEG} or {MEG} Brain Imaging Tools in Neuromarketing Research},
    journal = {Computational Intelligence and Neuroscience},
    volume = {2011},
    year = {2011},
    issn = {1687-5265},
    pages = {3:1--3:12},
    articleno = {3},
    numpages = {12},
    doi = {10.1155/2011/643489},
    acmid = {2064931},
    publisher = {Hindawi Publishing Corp.},
    address = {New York, NY, US},
}

@article{vidal1973direct,
    title={Toward direct brain-computer communication},
    author={Vidal, Jacques J.},
    journal={{Annual Review of Biophysics and Bioengineering}},
    volume={2},
    number={1},
    pages={157--180},
    year={1973}
}

@ARTICLE{vidal1977,
    title={Real-time detection of brain events in {EEG}},
    author={Vidal, Jacques J.},
    journal={{Proceedings of the IEEE}},
    year={1977},
    volume={65},
    number={5},
    pages={633--641},
    ISSN={0018-9219}
}

@ARTICLE{vidal2020errorsactionmonitoring,
    TITLE={Errors and Action Monitoring: Errare Humanum Est Sed Corrigere Possibile},
    AUTHOR={Vidal, Franck and Burle, Boris and Hasbroucq, Thierry},
    JOURNAL={Frontiers in Human Neuroscience},
    VOLUME={13},
    PAGES={453},
    YEAR={2020},
    DOI={10.3389/fnhum.2019.00453},
    ISSN={1662-5161}
}

@article{walsh2012frnreview,
    title = "Learning from experience: Event-related potential correlates of reward processing, neural adaptation, and behavioral choice",
    author = "Walsh, Matthew M and Anderson, John R.",
    year = "2012",
    journal = "Neuroscience \& Biobehavioral Reviews",
    volume = "36",
    number = "8",
    pages = "1870--1884",
    issn = "0149-7634",
    doi = "10.1016/j.neubiorev.2012.05.008"
}

@article{walter1964cnv,
    title = {Contingent Negative Variation: An Electric Sign of Sensori-Motor Association and Expectancy in the Human Brain},
    author = {Walter, W. Grey and Cooper, R. and Aldridge, V. J. and McCallum, W. C. and Winter, A. L.},
    volume = {203},
    number = {4943},
    pages = {380--384},
    year = {1964},
    journal = {Nature},
    doi = {10.1038/203380a0}
}

@ARTICLE{walter2017adaptivelearning,
    TITLE={Online EEG-Based Workload Adaptation of an Arithmetic Learning Environment},
    AUTHOR={Walter, Carina and Rosenstiel, Wolfgang and Bogdan, Martin and Gerjets, Peter and Sp{\"u}ler, Martin},
    JOURNAL={Frontiers in Human Neuroscience},
    YEAR={2017},
    VOLUME={11},
    PAGES={286},
    DOI={10.3389/fnhum.2017.00286},
    ISSN={1662-5161},
}

@book{watts2006blindsight,
    title={Blindsight},
    author={Watts, Peter},
    year={2006},
    publisher={Tor},
    address={New York, NY, USA},
}

@INPROCEEDINGS{wei2015transferlearning,
    title={Selective Transfer Learning for {EEG}-Based Drowsiness Detection},
    author={Wei, Chun-Shu and Lin, Yuan-Pin and Wang, Yu-Te and Jung, Tzyy-Ping and Bigdely-Shamlo, Nima and Lin, Chin-Teng},
    booktitle={{2015 IEEE International Conference on Systems, Man, and Cybernetics}},
    year={2015},
    pages={3229--3232},
    doi={10.1109/SMC.2015.560}
}

@article{wenzel2017wordrelevance,
    author={Wenzel, Markus A and Bogojeski, Mihail and Blankertz, Benjamin},
    title={Real-time inference of word relevance from electroencephalogram and eye gaze},
    journal={Journal of Neural Engineering},
    volume={14},
    number={5},
    pages={056007},
    doi={10.1088/1741-2552/aa7590},
    year={2017}
}

@article{wessberg2000primatemotorbci,
    title = {Real-time prediction of hand trajectory by ensembles of cortical neurons in primates},
    author = {Wessberg, Johan and Stambaugh, Christopher R. and Kralik, Jerald D. and Beck, Pamela D. and Laubach, Mark and Chapin, John K. and Kim, Jung and Biggs, S. James and Srinivasan, Mandayam A. and Nicolelis, Miguel A. L.},
    year = {2000},
    journal = {Nature},
    volume = {408},
    pages = {361--365},
    doi = {10.1038/35042582}
}

@book{wickens2014engineeringpsychology,
    title={Engineering Psychology and Human Performance},
    author={Wickens, Christopher D. and Hollands, Justin G. and Banbury, Simon and Parasuraman, Raja},
    year={2014},
    edition = {Fourth},
    publisher={Routledge},
    address={New York, NY},
    isbn = {0205021980}
}

@article{wirth2019errorcategorisation,
	title = {Towards error categorisation in {BCI}: single-trial {EEG} classification between different errors},
	author={Christopher Wirth and Paul M. Dockree and Siobh\'an Harty and Eric Lacey and Mahnaz Arvaneh},
	year = 2019,
	journal = {Journal of Neural Engineering},
	volume = {17},
	number = {1},
	pages = {016008},
	publisher = {{IOP} Publishing},
	doi = {10.1088/1741-2552/ab53fe}
}

@ARTICLE{wolpaw2000firstmeeting,
    title={{Brain-Computer Interface Technology: A Review of the First International Meeting}},
    author={Wolpaw, Jonathan R. and Birbaumer, Niels and Heetderks, William J. and McFarland, Dennis J. and Peckham, P. Hunter and Schalk, Gerwin and Donchin, Emanuel and Quatrano, Louis A. and Robinson, Charles J. and Vaughan, Theresa M.},
    journal={{IEEE Transactions on Rehabilitation Engineering}},
    year={2000},
    volume={8},
    number={2},
    pages={164--173},
    ISSN={1063-6528},
    doi = {10.1109/TRE.2000.847807}
}

@article{wolpaw2002,
    title = {{Brain-Computer Interfaces for Communication and Control}},
    author = "Wolpaw, Jonathan R. and Birbaumer, Niels and McFarland, Dennis J. and Pfurtscheller, Gert and Vaughan, Theresa M.",
    journal = {{Clinical Neurophysiology}},
    volume = "113",
    number = "6",
    pages = "767--7",
    year = "2002",
    issn = "1388-2457",
    doi = {10.1016/S1388-2457(02)00057-3}
}

@article{wolpaw2008prosthetic,
    author = {Jonathan R. Wolpaw and Dennis J. McFarland},
    title = {Brain-Computer Interface Operation of Robotic and Prosthetic Devices},
    journal = {Computer},
    volume = {41},
    issn = {0018-9162},
    year = {2008},
    pages = {52--56},
    doi = {10.1109/MC.2008.409},
    publisher = {{IEEE} Computer Society},
    address = {Los Alamitos, CA, USA},
}

@incollection{wolpaw2012newsun,
    title={Brain-computer interfaces: something new under the sun},
    author={Wolpaw, Jonathan R and Wolpaw, Elizabeth W},
    booktitle={Brain-Computer Interfaces: Principles and practice},
    pages={3--12},
    editor={Wolpaw, Jonathan R and Wolpaw, Elizabeth W},
    year={2012},
    publisher={Oxford University Press},
    address =  {Oxford, UK},
    doi = {10.1093/acprof:oso/9780195388855.003.0001}
}

@book{wolpaw2012bcibook,
    title={Brain-Computer Interfaces: Principles and Practice},
    editor={Wolpaw, Jonathan and Wolpaw, Elizabeth Winter},
    year={2012},
    publisher={Oxford University Press},
    address={Oxford, UK}
}

@article{xu2020tangentriemannian,
	title={Tangent space spatial filters for interpretable and efficient Riemannian classification},
	author={Xu, Jiachen and Grosse-Wentrup, Moritz and Jayaram, Vinay},
	year={2020},
	journal={Journal of Neural Engineering},
    volume = {17},
    number = {3},
    pages = {},
	doi={10.1088/1741-2552/ab839e}
}

@article{yantis2002parietalattention,
    title = {Transient neural activity in human parietal cortex during spatial attention shifts},
    author = {Yantis, Steven and Schwarzbach, Jens and Serences, John T. and Carlson, Robert L. and Steinmetz, Michael A. and Pekar, James J. and Courtney, Susan M.},
    year = {2002},
    journal = {Nature Neuroscience},
    pages = {995--1002},
    volume = {5},
    number = {10},
    issn = {1546-1726},
    doi = {10.1038/nn921}
}

@article{yao2005,
    title = "Evaluation of different cortical source localization methods using simulated and experimental {EEG} data",
    author = "Jun Yao and Julius P.A. Dewald",
    journal = "NeuroImage",
    volume = "25",
    number = "2",
    pages = "369--382",
    year = "2005",
    issn = "1053-8119",
    doi = "10.1016/j.neuroimage.2004.11.036",
}

@article{yeung2004reward,
    title = {Independent Coding of Reward Magnitude and Valence in the Human Brain},
    author = {Yeung, Nick and Sanfey, Alan G.},
    volume = {24},
    number = {28},
    pages = {6258--6264},
    year = {2004},
    journal = {{The Journal of Neuroscience}}
}

@article{yeung2004,
    title={The Neural Basis of Error Detection: Conflict Monitoring and the Error-Related Negativity},
    author={Yeung, Nick and Botvinick, Matthew M. and Cohen, Jonathan D.},
    year={2004},
    journal={{Psychological Review}},
    volume={111},
    number={4},
    pages={931--959},
    doi = {10.1037/0033-295X.111.4.931}
}

@article{yeung2004passiveactivefrn,
    author = {Yeung, Nick and Holroyd, Clay B. and Cohen, Jonathan D.},
    title = "{{ERP} Correlates of Feedback and Reward Processing in the Presence and Absence of Response Choice}",
    year = {2004},
    journal = {Cerebral Cortex},
    volume = {15},
    number = {5},
    pages = {535--544},
    issn = {1047-3211},
    doi = {10.1093/cercor/bhh153}
}

@article{young2015workload,
    author = {Mark S. Young and Karel A. Brookhuis and Christopher D. Wickens and Peter A. Hancock},
    title = {State of science: mental workload in ergonomics},
    journal = {Ergonomics},
    volume = {58},
    number = {1},
    pages = {1--17},
    year = {2015},
    doi = {10.1080/00140139.2014.956151}
}

@inproceedings{yuksel2016bach,
    author = {Yuksel, Beste F. and Oleson, Kurt B. and Harrison, Lane and Peck, Evan M. and Afergan, Daniel and Chang, Remco and Jacob, Robert J K},
    title = {Learn Piano with {BACh}: An Adaptive Learning Interface That Adjusts Task Difficulty Based on Brain State},
    booktitle = {{Proceedings of the 2016 {CHI} Conference on Human Factors in Computing Systems}},
    series = {CHI '16},
    year = {2016},
    isbn = {978-1-4503-3362-7},
    location = {Santa Clara, California, USA},
    pages = {5372--5384},
    numpages = {13},
    doi = {10.1145/2858036.2858388},
    acmid = {2858388},
    publisher = {ACM},
    address = {New York, NY, USA}
}

@article{yuste2017ethical,
    author = {Yuste, Rafael and Goering, Sara and Ag\"uera y Arcas, Blaise and Bi, Guoqiang and Carmena, Jose M. and Carter, Adrian and Fins, Joseph J. and Friesen, Phoebe and Gallant, Jack and Huggins, Jane E. Huggins and Illes, Judy and Kellmeyer, Philipp and Klein, Eran  Marblestone, Adam and Mitchell, Christine and Parens, Erik and Pham, Michelle and Rubel, Alan and Sadato, Norihiro and Specker Sullivan, Laura  and Teicher, Mina and Wasserman, David and Wexler, Anna and Whittaker, Meredith and Wolpaw, Jonathan},
    title = {Four ethical priorities for neurotechnologies and {AI}},
    journal = {Nature},
    volume = {551},
    number = {},
    pages = {159--163},
    year = {2017},
    doi = {10.1038/551159a}
}

@inproceedings{zander2008bcinteraction,
    title = {Team {PhyPA}: Developing applications for Brain-Computer Interaction},
    author = {Zander, Thorsten O. and Kothe, Christian A and Jatzev, Sabine and Dashuber, Roman and Welke, Sebastian and De Filippis, Monica and R\"otting, Matthias},
    year = {2008},
    booktitle = {{Proceedings of the Brain-Computer Interfaces for HCI and Games Workshop at the SIGCHI Conference on Human Factors in Computing Systems (CHI)}},
    location = {Florence, Italy}
}

@inproceedings{zander2008enhancing,
    title={Enhancing human-machine systems with secondary input from passive brain-computer interfaces},
    author={Zander, Thorsten O. and Kothe, Christian A and Welke, Sebastian and R{\"o}tting, Matthias},
    booktitle={{Proceedings of the 4th International Brain-Computer Interface Workshop \& Training Course}},
    location = {Graz, Austria},
    pages={144--149},
    year={2008},
    publisher = {Verlag der Technischen Universit{\"a}t Graz},
    address = {Graz, Austria},
}

@INPROCEEDINGS{zander2009affective,
    title={Detecting affective covert user states with passive brain-computer interfaces},
    author={Zander, Thorsten O. and Jatzev, Sabine},
    booktitle={{3rd International Conference on Affective Computing and Intelligent Interaction (ACII) and Workshops}},
    year={2009},
    pages={1--9},
    doi={10.1109/ACII.2009.5349456},
}

@incollection{zander2010,
    title={{Enhancing Human-Computer Interaction with Input from Active and Passive Brain-Computer Interfaces}},
    author={Zander, Thorsten O. and Kothe, Christian A and Jatzev, Sabine and G{\"a}rtner, Matti},
    year={2010},
    isbn={978-1-84996-271-1},
    booktitle={{Brain-Computer Interfaces}},
    series={Human-Computer Interaction Series},
    editor={Tan, Desney S. and Nijholt, Anton},
    publisher={Springer},
    address={London, UK},
    pages={181--199},
    doi = {10.1007/978-1-84996-272-8\_11}
}

@article{zander2010gazeinput,
    title = {Combining Eye Gaze Input With a Brain-Computer Interface for Touchless Human-Computer Interaction},
    author = {Zander, Thorsten O. and  G{\"a}rtner, Matti and Kothe, Christian A and Vilimek, Roman},
    journal = {International Journal of Human-Computer Interaction},
    volume = {27},
    number = {1},
    pages = {38--51},
    year = {2010},
    doi = {10.1080/10447318.2011.535752}
}

@article{zander2011,
    title={Towards passive brain-computer interfaces: applying brain-computer interface technology to human-machine systems in general},
    author={Zander, Thorsten O. and Kothe, Christian A},
    journal={{Journal of Neural Engineering}},
    volume={8},
    number={2},
    pages={025005},
    year={2011},
    doi = {10.1088/1741-2560/8/2/025005}
}

@article{zander2011dry,
    title={A Dry {EEG}-System for Scientific Research and Brain-Computer Interfaces},
    author={Zander, Thorsten O and Lehne, Moritz and Ihme, Klas and Jatzev, Sabine and Correia, Joao and Kothe, Christian A. and Picht, Bernd and Nijboer, Femke},
    journal={Frontiers in Neuroscience},
    volume={5},
    pages={53},
  year={2011}
}

@inproceedings{zander2011music,
    title = {Towards Multimodal Error Responses: A Passive {BCI} for the Detection of Auditory Errors},
    author = {Zander, Thorsten O. and Klippel, Marius David and Scherer, Reinhold},
    booktitle = {Proceedings of the 13th International Conference on Multimodal Interfaces},
    series = {ICMI '11},
    year = {2011},
    isbn = {978-1-4503-0641-6},
    location = {Alicante, Spain},
    pages = {53--56},
    numpages = {4},
    doi = {10.1145/2070481.2070493},
    acmid = {2070493},
    publisher = {ACM},
    address = {New York, NY, USA},
}

@article{zander2012context,
    title={Context-aware brain-computer interfaces: exploring the information space of user, technical system and environment},
    author={Zander, Thorsten O. and Jatzev, Sabine},
    year={2012},
    journal={Journal of Neural Engineering},
    volume={9},
    number={1},
    pages={016003},
    doi={10.1088/1741-2560/9/1/016003}
}

@phdthesis{zander2012diss,
    title = {{Utilizing Brain-Computer Interfaces for Human-Machine Systems}},
    author = {Zander, Thorsten O.},
    school = {Technische Universit\"at Berlin},
    address = {Berlin, Germany},
    year = {2012},
    doi = {10.14279/depositonce-3231}
}

@incollection{zander2014implicit,
    title = {{Towards BCI-based Implicit Control in Human-Computer Interaction}},
    year = {2014},
    booktitle = {{Advances in Physiological Computing}},
    editor = {Fairclough, Stephen H. and Gilleade, Kiel},
    pages={67--90},
    publisher = {Springer},
    address = {Berlin, Germany},
    author = {Zander, Thorsten O. and Br{\"o}nstrup, Jonas and Lorenz, Romy and Krol, Laurens R.},
    doi = {10.1007/978-1-4471-6392-3\_4}
}

@article{zander2016nat,
    author = {Zander, Thorsten O. and Krol, Laurens R. and Birbaumer, Niels P. and Gramann, Klaus},
    title = {Neuroadaptive technology enables implicit cursor control based on medial prefrontal cortex activity},
    volume = {113},
    number = {52},
    pages = {14898--14903},
    year = {2016},
    doi = {10.1073/pnas.1605155114},
    journal = {Proceedings of the National Academy of Sciences}
}

@article{zander2017surgery,
    author = {Zander, Thorsten O. and Shetty, Kunal and Lorenz, Romy and Leff, Daniel R. and Krol, Laurens R. and Darzi, Ara W. and Gramann, Klaus and Yang, Guang-Zhong},
    title = {Automated Task Load Detection with Electroencephalography: Towards Passive Brain-Computer Interfacing in Robotic Surgery},
    journal = {Journal of Medical Robotics Research},
    volume = {2},
    number = {1},
    pages = {1750003},
    year = {2017},
    doi = {10.1142/S2424905X17500039}
}

@ARTICLE{zander2017dry,
    TITLE={Evaluation of a Dry {EEG} System for Application of Passive Brain-Computer Interfaces in Autonomous Driving},
    AUTHOR={Zander, Thorsten O. and Andreessen, Lena M. and Berg, Angela and Bleuel, Maurice and Pawlitzki, Juliane and Zawallich, Lars and Krol, Laurens R. and Gramann, Klaus},
    JOURNAL={Frontiers in Human Neuroscience},
    VOLUME={11},
    PAGES={78},
    YEAR={2017},
    DOI={10.3389/fnhum.2017.00078},
    ISSN={1662-5161}
}

@ARTICLE{zander2017phypa,
    TITLE={Team {PhyPA}: Brain-Computer Interfacing for Everyday Human-Computer Interaction},
    AUTHOR={Zander, Thorsten O and Krol, Laurens R},
    JOURNAL={Periodica Polytechnica Electrical Engineering and Computer Science},
    VOLUME={61},
    number ={2},
    YEAR={2017},
    pages = {209--216},
    DOI={10.3311/PPee.10435},
    ISSN={2064-5279}
}

@article{zipser1988,
    title = {A back-propagation programmed network that simulates response properties of a subset of posterior parietal neurons},
    author = {Zipser, David and Andersen, Richard A.},
    journal = {Nature},
    year = 1988,
    pages = {679--684},
    volume = {331},
    number = {},
    doi = {10.1038/331679a0}
}